Product_ID,Price,Units_Sold,Sales,Date,Category,Discount,Store_Location,Customer_ID
P0075,47.48,39,1851.72,3/28/2023,Electronics,15,California,C0135
P0032,375.96,63,23685.48,11/2/2023,Accessories,0,Texas,C0201
P0008,130.84,33,4317.72,5/7/2023,Accessories,0,New York,C0027
P0035,447.16,71,31748.36,12/28/2023,Food,15,Illinois,C0100
P0046,369.39,54,19947.06,5/1/2023,Food,0,New York,C0038
P0035,270.02,32,8640.64,6/16/2023,Electronics,10,Illinois,C0295
P0088,70.05,38,2661.9,12/18/2023,Electronics,10,Illinois,C0098
P0076,8.73,68,593.64,5/3/2023,Electronics,5,Florida,C0245
P0010,216.04,2,432.08,12/6/2023,Accessories,0,California,C0195
P0017,59.69,91,5431.79,9/27/2023,Clothing,15,California,C0149
P0090,206.45,87,17961.15,7/8/2023,Electronics,10,Texas,C0234
P0040,162.19,75,12164.25,5/26/2023,Clothing,10,California,C0023
P0071,161.16,77,12409.32,6/21/2023,Furniture,0,Florida,C0165
P0039,322.48,39,12576.72,5/2/2023,Electronics,,Texas,C0084
P0074,43.04,,258.24,11/26/2023,Furniture,10,Illinois,C0293
P0046,186.74,4,746.96,11/28/2023,Clothing,20,California,C0177
P0011,187.16,95,17780.2,3/9/2023,Accessories,5,Illinois,C0214
P0015,384.56,46,17689.76,8/20/2023,Accessories,10,Florida,C0154
P0047,452.62,82,37114.84,9/5/2023,Electronics,15,Florida,C0242
P0063,157.47,63,9920.61,2/27/2023,Accessories,0,Florida,C0053
P0087,324.73,83,26952.59,8/30/2023,Accessories,15,Texas,C0112
P0083,362.96,92,33392.32,8/4/2023,Food,5,Florida,C0216
P0019,117.55,69,8110.95,11/27/2023,Accessories,0,Illinois,C0137
P0097,173.96,84,14612.64,10/31/2023,,20,Illinois,C0264
P0018,467.39,49,22902.11,5/23/2023,Electronics,0,Florida,C0220
P0043,148.54,54,8021.16,3/14/2023,Clothing,0,California,C0244
P0092,341.79,81,27684.99,11/16/2023,Food,5,Texas,C0057
P0048,376.25,3,1128.75,7/16/2023,Accessories,20,Texas,C0259
P0016,428.45,65,27849.25,2/28/2023,Furniture,10,Florida,C0073
P0089,493.6,18,8884.8,8/17/2023,,5,New York,C0058
P0040,428.55,85,36426.75,3/5/2023,Electronics,10,California,C0299
P0054,387.85,83,32191.55,7/12/2023,Food,15,New York,C0222
P0051,319.02,71,22650.42,4/7/2023,Electronics,20,New York,C0292
P0089,431.33,8,3450.64,7/30/2023,Food,10,New York,C0178
P0099,483.43,24,11602.32,10/20/2023,Accessories,0,Illinois,C0109
P0023,436.87,57,24901.59,8/28/2023,Furniture,5,Texas,C0117
P0062,173.95,54,9393.3,10/22/2023,Furniture,,Illinois,C0292
P0021,91.62,52,4764.24,2/1/2023,Accessories,10,Illinois,C0278
P0068,169.87,63,10701.81,8/21/2023,Furniture,0,New York,C0230
P0078,190.24,3,570.72,1/20/2023,Furniture,20,Illinois,C0083
P0094,22.28,11,245.08,10/11/2023,Clothing,0,Illinois,C0289
P0062,71.34,41,2924.94,9/30/2023,,10,Texas,C0258
P0038,382.96,49,18765.04,11/15/2023,Accessories,5,California,C0025
P0098,320.08,79,25286.32,11/21/2023,Furniture,15,New York,C0270
P0009,246.2,,14279.6,9/17/2023,Clothing,10,New York,C0282
P0046,368.84,95,35039.8,11/20/2023,Accessories,5,New York,C0215
P0048,192.39,86,16545.54,9/1/2023,Clothing,0,California,C0123
P0090,317.59,73,23184.07,4/28/2023,Furniture,0,New York,C0118
P0100,16.9,52,878.8,6/28/2023,Clothing,,Texas,C0011
P0088,,48,14832.48,3/3/2023,Furniture,5,Illinois,C0170
P0088,156.86,71,11137.06,11/15/2023,,5,New York,C0179
P0049,,,10946.88,12/4/2023,Accessories,0,Texas,C0055
P0094,112.73,,7327.45,5/25/2023,Clothing,5,California,C0110
P0040,14.06,90,1265.4,3/13/2023,Electronics,5,Texas,C0251
P0081,130.47,31,4044.57,1/29/2023,Food,5,California,C0021
P0072,299.98,21,6299.58,4/21/2023,Accessories,5,Florida,C0256
P0028,278.42,9,2505.78,12/12/2023,Clothing,20,New York,C0217
P0031,256.73,59,15147.07,10/10/2023,Clothing,20,California,C0024
P0082,123.69,10,1236.9,8/15/2023,Furniture,,Florida,C0263
P0002,162.41,69,11206.29,12/25/2023,,20,Texas,C0177
P0090,85.48,80,6838.4,5/9/2023,Accessories,0,Illinois,C0205
P0043,273.05,26,7099.3,2/20/2023,Furniture,10,Illinois,C0063
P0012,495.69,55,27262.95,7/15/2023,Accessories,10,New York,C0020
P0040,92.85,,1578.45,10/27/2023,Accessories,0,Florida,C0297
P0037,480.63,16,7690.08,8/28/2023,Clothing,10,Florida,C0191
P0067,266.4,15,3996,12/5/2023,,5,New York,C0290
P0096,57.35,63,3613.05,3/12/2023,Food,10,Illinois,C0285
P0016,,22,1040.6,5/25/2023,Furniture,20,California,C0124
P0019,142.28,72,10244.16,11/12/2023,Accessories,15,Texas,C0254
P0073,30.34,9,273.06,8/17/2023,,5,Florida,C0155
P0074,,87,9145.44,2/28/2023,Food,10,California,C0063
P0004,308.17,100,30817,2/11/2023,Clothing,15,New York,C0241
P0079,166.1,57,9467.7,7/11/2023,Furniture,0,California,C0228
P0011,305.97,81,24783.57,12/6/2023,Accessories,5,Illinois,C0263
P0058,427.53,70,29927.1,7/27/2023,Accessories,10,California,C0144
P0042,85.71,74,6342.54,9/17/2023,Food,10,New York,C0169
P0039,,1,126.68,7/7/2023,Clothing,15,Texas,C0241
P0007,417.47,97,40494.59,5/30/2023,Furniture,5,Illinois,C0062
P0098,217.3,42,9126.6,11/4/2023,Clothing,20,Florida,C0102
P0003,15.11,78,1178.58,3/9/2023,Electronics,15,Illinois,C0188
P0035,388.19,3,1164.57,10/23/2023,Furniture,20,California,C0270
P0061,359.21,23,8261.83,12/27/2023,Food,,Florida,C0279
P0089,28.7,80,2296,4/18/2023,Food,10,Florida,C0183
P0093,121.8,98,11936.4,1/13/2023,Food,15,Florida,C0018
P0004,468.09,27,12638.43,8/1/2023,Clothing,20,Illinois,C0089
P0007,5.57,86,479.02,10/18/2023,Electronics,0,California,C0058
P0003,312.66,52,16258.32,7/11/2023,Furniture,15,Florida,C0118
P0055,253.6,27,6847.2,12/17/2023,Clothing,5,Illinois,C0060
P0091,174.82,34,5943.88,2/28/2023,Electronics,15,New York,C0290
P0056,278.37,90,25053.3,7/6/2023,Clothing,0,New York,C0180
P0070,150.72,,11605.44,8/25/2023,Electronics,10,Illinois,C0044
P0092,231.45,22,5091.9,11/16/2023,Food,20,Illinois,C0254
P0018,246.96,89,21979.44,9/10/2023,Electronics,15,Illinois,C0299
P0034,376.02,34,12784.68,11/8/2023,Electronics,0,Florida,C0014
P0004,428.52,53,22711.56,6/22/2023,Furniture,0,California,C0050
P0086,378.86,,36749.42,1/30/2023,Clothing,20,California,C0054
P0030,408.48,85,34720.8,6/28/2023,Accessories,,Illinois,C0138
P0001,231.95,21,4870.95,12/28/2023,Food,15,New York,C0137
P0013,264.58,98,25928.84,7/4/2023,Electronics,20,Illinois,C0218
P0067,215.72,54,11648.88,6/3/2023,Clothing,,New York,C0011
P0092,306.04,29,8875.16,1/19/2023,Electronics,0,Texas,C0291
P0056,295,85,25075,8/4/2023,Furniture,20,California,C0022
P0002,477.41,,25302.73,3/24/2023,Accessories,5,Florida,C0077
P0024,220.14,15,3302.1,6/21/2023,Electronics,5,Texas,C0077
P0034,184.63,17,3138.71,11/7/2023,Food,20,New York,C0008
P0016,423.69,75,31776.75,4/11/2023,Food,5,Illinois,C0157
P0097,337.07,84,28313.88,2/23/2023,Food,5,Illinois,C0085
P0085,238.11,65,15477.15,8/2/2023,Accessories,10,Texas,C0188
P0089,130.79,86,11247.94,8/25/2023,Food,10,Texas,C0115
P0031,334.12,25,8353,3/29/2023,Accessories,10,Texas,C0291
P0089,18.36,63,1156.68,6/18/2023,Furniture,15,New York,C0170
P0044,160.56,63,10115.28,6/21/2023,Furniture,10,Florida,C0080
P0040,319.2,26,8299.2,3/6/2023,Furniture,15,California,C0145
P0084,298.36,61,18199.96,2/24/2023,Clothing,0,Texas,C0090
P0081,13.5,5,67.5,8/13/2023,Electronics,5,Florida,C0292
P0059,5.64,89,501.96,2/28/2023,Food,10,California,C0088
P0005,230.19,44,10128.36,7/20/2023,,5,Texas,C0287
P0087,281.36,32,9003.52,8/31/2023,Electronics,0,California,C0124
P0062,29.65,63,1867.95,12/28/2023,Electronics,20,Florida,C0189
P0077,144.26,2,288.52,10/27/2023,,20,California,C0236
P0066,99.07,95,9411.65,9/29/2023,Furniture,10,Florida,C0071
P0066,21.09,84,1771.56,12/4/2023,Food,20,California,C0071
P0065,17.66,79,1395.14,1/17/2023,Electronics,20,California,C0123
P0044,159.99,97,15519.03,12/25/2023,Food,0,California,C0103
P0096,162.94,83,13524.02,10/10/2023,Clothing,15,Florida,C0219
P0087,426.43,69,29423.67,1/19/2023,Food,,California,C0218
P0016,61.64,99,6102.36,5/9/2023,Food,0,Florida,C0118
P0089,272.17,100,27217,8/30/2023,Furniture,10,California,C0125
P0013,351.18,9,3160.62,3/11/2023,Furniture,0,New York,C0197
P0026,413.91,82,33940.62,7/19/2023,,15,Texas,C0288
P0098,460.62,94,43298.28,2/23/2023,Furniture,5,Illinois,C0215
P0044,331.67,61,20231.87,6/17/2023,Electronics,20,California,C0227
P0073,121.29,22,2668.38,12/13/2023,Furniture,0,Illinois,C0025
P0071,326.03,29,9454.87,1/4/2023,Furniture,5,Texas,C0223
P0004,58.12,88,5114.56,12/12/2023,Accessories,20,Illinois,C0065
P0044,215.52,74,15948.48,3/18/2023,,15,Florida,C0118
P0029,483.42,96,46408.32,9/26/2023,Food,5,New York,C0165
P0023,215.83,41,8849.03,10/23/2023,Clothing,10,California,C0087
P0067,246.7,58,14308.6,7/24/2023,Electronics,10,New York,C0038
P0015,220.6,77,16986.2,3/15/2023,Accessories,20,New York,C0039
P0085,248.71,97,24124.87,7/10/2023,Furniture,10,Florida,C0069
P0050,152.97,85,13002.45,6/28/2023,Electronics,15,Illinois,C0295
P0091,192.3,7,1346.1,8/27/2023,Clothing,10,New York,C0058
P0081,139.05,14,1946.7,3/23/2023,Electronics,5,Florida,C0279
P0027,495.82,,34707.4,7/3/2023,Furniture,0,California,C0127
P0015,480.11,65,31207.15,2/1/2023,,5,New York,C0020
P0094,427.18,88,37591.84,9/30/2023,Furniture,5,Texas,C0177
P0023,184.62,46,8492.52,5/31/2023,Food,20,Texas,C0193
P0018,335.49,22,7380.78,9/30/2023,Accessories,15,Texas,C0017
P0076,65.9,89,5865.1,7/15/2023,Accessories,15,New York,C0259
P0089,431.21,32,13798.72,11/30/2023,Food,20,New York,C0242
P0079,187.66,65,12197.9,9/15/2023,,15,Texas,C0112
P0022,137.64,62,8533.68,9/9/2023,Accessories,,New York,C0131
P0089,472.83,98,46337.34,10/31/2023,Food,10,Texas,C0037
P0054,205.41,14,2875.74,1/31/2023,Food,10,Illinois,C0034
P0062,164.99,99,16334.01,2/17/2023,Accessories,5,California,C0238
P0026,149.75,53,7936.75,12/13/2023,Furniture,0,Florida,C0069
P0063,47.58,31,1474.98,7/27/2023,,15,Florida,C0165
P0028,472.35,14,6612.9,7/10/2023,Electronics,15,Florida,C0205
P0089,112.55,18,2025.9,1/25/2023,Furniture,5,Texas,C0007
P0034,196.37,92,18066.04,1/16/2023,Electronics,0,Florida,C0039
P0027,314.29,12,3771.48,3/14/2023,Food,10,Illinois,C0268
P0030,196.45,41,8054.45,4/21/2023,Food,10,Texas,C0127
P0018,253.33,54,13679.82,9/28/2023,Electronics,15,Florida,C0015
P0013,392.82,38,14927.16,9/1/2023,Clothing,5,Florida,C0039
P0067,232.55,54,12557.7,3/6/2023,Food,5,California,C0215
P0039,289.79,78,22603.62,1/9/2023,Electronics,5,New York,C0021
P0049,353.85,15,5307.75,11/18/2023,Furniture,10,Texas,C0047
P0081,496.81,15,7452.15,5/9/2023,Electronics,20,Illinois,C0086
P0091,226.66,89,20172.74,5/4/2023,Clothing,20,Florida,C0012
P0085,437.1,52,22729.2,11/17/2023,Furniture,5,Texas,C0042
P0047,12.87,29,373.23,7/28/2023,Clothing,,New York,C0136
P0015,241.03,23,5543.69,4/19/2023,Food,20,Florida,C0070
P0028,384.45,68,26142.6,3/30/2023,Accessories,10,Illinois,C0281
P0075,460.32,,23936.64,5/13/2023,Electronics,5,New York,C0204
P0037,110.2,29,3195.8,11/15/2023,Clothing,10,California,C0117
P0023,140.38,93,13055.34,3/29/2023,Accessories,10,New York,C0263
P0092,388.48,40,15539.2,3/16/2023,Furniture,0,Texas,C0257
P0082,259.67,24,6232.08,7/26/2023,Accessories,10,California,C0191
P0085,232.28,31,7200.68,12/29/2023,Food,0,Illinois,C0220
P0027,488.33,62,30276.46,2/11/2023,Accessories,15,Florida,C0209
P0074,192.32,81,15577.92,3/26/2023,Food,20,California,C0223
P0084,260.33,29,7549.57,7/24/2023,Clothing,0,California,C0056
P0039,256.73,32,8215.36,5/30/2023,Electronics,20,Texas,C0290
P0022,,,1209.87,1/12/2023,Accessories,20,New York,C0266
P0067,181.41,14,2539.74,5/22/2023,Accessories,10,New York,C0292
P0038,76.94,,5231.92,8/8/2023,Clothing,10,New York,C0295
P0069,494.31,10,4943.1,1/10/2023,Food,15,New York,C0067
P0049,263.96,1,263.96,5/18/2023,Food,10,Illinois,C0275
P0075,348.03,30,10440.9,1/18/2023,Clothing,5,California,C0170
P0031,97.51,30,2925.3,4/13/2023,Electronics,5,Texas,C0067
P0023,465.45,84,39097.8,10/11/2023,Food,0,California,C0016
P0051,455.35,,26865.65,8/9/2023,Accessories,15,Florida,C0120
P0046,439.51,54,23733.54,4/13/2023,Furniture,20,Florida,C0012
P0060,425.96,,34076.8,4/4/2023,Furniture,15,California,C0199
P0012,334.85,100,33485,12/13/2023,Food,20,New York,C0230
P0091,164.79,100,16479,11/20/2023,Accessories,0,Florida,C0051
P0037,303.14,56,16975.84,7/12/2023,Clothing,5,Illinois,C0040
P0027,112.87,10,1128.7,10/29/2023,Clothing,15,Texas,C0278
P0011,449.8,88,39582.4,8/5/2023,Food,10,Florida,C0077
P0021,90.64,,8429.52,10/11/2023,Electronics,20,Texas,C0001
P0092,349.14,42,14663.88,2/18/2023,Electronics,15,Florida,C0163
P0007,315.25,77,24274.25,8/8/2023,Accessories,5,New York,C0064
P0070,19.2,,1862.4,9/19/2023,Accessories,15,Florida,C0019
P0038,372.63,63,23475.69,11/14/2023,Furniture,15,Illinois,C0267
P0059,191.44,77,14740.88,7/16/2023,Clothing,20,New York,C0126
P0031,188.57,,12257.05,9/17/2023,Food,5,Florida,C0154
P0015,141.79,65,9216.35,12/8/2023,Clothing,15,New York,C0041
P0051,42.96,97,4167.12,4/24/2023,Clothing,10,New York,C0154
P0067,256.47,22,5642.34,5/27/2023,Furniture,0,Florida,C0215
P0045,228.3,27,6164.1,2/2/2023,Clothing,15,Illinois,C0207
P0048,425.53,96,40850.88,4/25/2023,Electronics,15,New York,C0052
P0027,493.97,23,11361.31,11/26/2023,Furniture,20,Texas,C0139
P0049,187.06,5,935.3,7/21/2023,Electronics,15,New York,C0175
P0059,204.28,55,11235.4,1/17/2023,Food,5,Florida,C0070
P0013,53.84,5,269.2,3/31/2023,Electronics,15,California,C0203
P0064,481.92,79,38071.68,10/8/2023,Clothing,0,California,C0161
P0072,274.48,1,274.48,4/15/2023,Accessories,15,California,C0038
P0014,236.93,31,7344.83,4/26/2023,Food,20,Texas,C0207
P0043,9.61,67,643.87,12/22/2023,Electronics,20,Texas,C0021
P0010,,16,7876.8,9/29/2023,Electronics,15,New York,C0244
P0046,353.53,21,7424.13,11/9/2023,Furniture,20,California,C0247
P0011,16.44,97,1594.68,12/5/2023,Furniture,,Texas,C0146
P0094,80.61,97,7819.17,4/30/2023,Clothing,0,Illinois,C0184
P0014,281.2,40,11248,9/15/2023,Accessories,10,New York,C0101
P0040,21.4,9,192.6,5/20/2023,Clothing,5,Illinois,C0203
P0009,412.56,76,31354.56,12/21/2023,Electronics,10,California,C0136
P0054,36.91,24,885.84,2/21/2023,Accessories,5,Illinois,C0027
P0089,90.21,66,5953.86,2/17/2023,Food,15,Illinois,C0214
P0025,52.08,43,2239.44,8/30/2023,Food,15,Florida,C0267
P0065,198.46,68,13495.28,6/18/2023,Clothing,15,New York,C0051
P0086,480.97,18,8657.46,2/3/2023,Furniture,15,Florida,C0123
P0032,266.5,83,22119.5,7/17/2023,Clothing,15,Florida,C0259
P0048,466.66,99,46199.34,11/14/2023,,15,California,C0058
P0003,67.7,74,5009.8,7/4/2023,Furniture,15,New York,C0208
P0012,462.2,43,19874.6,8/1/2023,Furniture,20,Illinois,C0295
P0053,16.52,85,1404.2,10/24/2023,Electronics,15,California,C0053
P0088,242.25,43,10416.75,7/29/2023,Food,10,New York,C0151
P0043,306.51,9,2758.59,1/13/2023,Accessories,5,Illinois,C0111
P0049,106.29,78,8290.62,1/27/2023,Electronics,15,New York,C0282
P0091,70.99,50,3549.5,4/24/2023,,5,California,C0077
P0075,92.37,57,5265.09,11/30/2023,Furniture,20,New York,C0119
P0070,322.61,77,24840.97,4/24/2023,,10,Illinois,C0264
P0063,334.61,13,4349.93,12/13/2023,Food,20,California,C0184
P0073,183.85,53,9744.05,10/7/2023,Food,20,California,C0045
P0066,384.21,68,26126.28,10/4/2023,Food,20,Illinois,C0139
P0008,454.93,86,39123.98,2/21/2023,Electronics,15,California,C0225
P0033,195.22,48,9370.56,1/23/2023,Clothing,0,Illinois,C0154
P0074,222.72,,2227.2,5/29/2023,Electronics,0,Illinois,C0272
P0076,257.16,87,22372.92,7/12/2023,Clothing,20,New York,C0264
P0002,77.7,9,699.3,10/8/2023,,0,New York,C0088
P0054,453.19,,32176.49,1/18/2023,Clothing,0,Illinois,C0051
P0016,31.15,97,3021.55,4/26/2023,Food,20,Florida,C0056
P0059,483.84,63,30481.92,2/23/2023,Food,10,California,C0048
P0048,152.79,67,10236.93,10/27/2023,Furniture,,Illinois,C0176
P0075,88.64,9,797.76,9/30/2023,Accessories,20,Texas,C0260
P0057,291.39,42,12238.38,12/1/2023,Furniture,10,Illinois,C0298
P0044,32.44,40,1297.6,4/10/2023,Furniture,20,California,C0175
P0003,305.77,61,18651.97,9/16/2023,Accessories,20,New York,C0286
P0066,,37,2679.91,4/12/2023,Furniture,15,New York,C0083
P0005,398.13,17,6768.21,11/15/2023,,5,Illinois,C0144
P0015,167.99,74,12431.26,7/16/2023,Furniture,20,New York,C0134
P0055,215.69,92,19843.48,8/18/2023,Accessories,20,Florida,C0238
P0030,442.43,62,27430.66,7/20/2023,Clothing,5,Texas,C0110
P0051,284.62,51,14515.62,10/23/2023,Clothing,10,California,C0285
P0009,452.15,97,43858.55,4/23/2023,Accessories,,California,C0083
P0055,385.49,84,32381.16,4/7/2023,Accessories,10,New York,C0264
P0051,291.74,17,4959.58,7/9/2023,Furniture,5,California,C0010
P0020,5.21,96,500.16,2/5/2023,Food,0,New York,C0108
P0038,188.43,5,942.15,4/10/2023,Accessories,15,New York,C0052
P0078,393.74,96,37799.04,10/5/2023,Furniture,15,California,C0254
P0030,429.25,,9014.25,8/19/2023,Electronics,0,California,C0066
P0090,14.71,9,132.39,3/18/2023,Clothing,20,Illinois,C0113
P0019,193.08,39,7530.12,7/9/2023,Electronics,10,Illinois,C0070
P0042,451.64,,7226.24,4/29/2023,Electronics,15,New York,C0047
P0070,276,49,13524,12/22/2023,Furniture,5,New York,C0055
P0027,234.26,29,6793.54,2/7/2023,Furniture,20,Texas,C0008
P0032,345.86,3,1037.58,11/29/2023,Food,10,New York,C0256
P0086,141.78,70,9924.6,8/23/2023,Clothing,10,Florida,C0233
P0009,260.81,86,22429.66,10/11/2023,Clothing,10,California,C0017
P0036,192.04,48,9217.92,6/5/2023,Furniture,15,Illinois,C0173
P0049,291.81,100,29181,10/26/2023,Furniture,20,California,C0155
P0001,428,46,19688,2/19/2023,Accessories,0,California,C0296
P0075,152.22,65,9894.3,2/22/2023,Accessories,20,California,C0130
P0074,376.7,87,32772.9,1/1/2023,Clothing,5,New York,C0239
P0085,368.83,84,30981.72,9/10/2023,Clothing,0,Texas,C0041
P0024,55.02,7,385.14,4/21/2023,Clothing,20,California,C0266
P0054,234.18,23,5386.14,8/9/2023,Electronics,5,California,C0210
P0030,38.8,70,2716,5/12/2023,Accessories,5,Texas,C0038
P0073,,13,422.11,12/18/2023,Food,20,California,C0227
P0091,82.2,48,3945.6,4/5/2023,Accessories,0,Florida,C0271
P0081,250.42,,16527.72,1/19/2023,Furniture,10,Florida,C0130
P0008,31.69,38,1204.22,11/14/2023,Electronics,0,Illinois,C0149
P0037,437.85,71,31087.35,9/14/2023,Accessories,0,Florida,C0004
P0038,339.1,77,26110.7,6/12/2023,Clothing,10,Texas,C0239
P0012,384.03,22,8448.66,6/21/2023,Furniture,10,Texas,C0234
P0065,140.44,20,2808.8,6/22/2023,,,Illinois,C0234
P0068,398.43,38,15140.34,7/1/2023,,5,Florida,C0041
P0099,289.04,,13873.92,7/23/2023,Accessories,5,Florida,C0003
P0001,340.89,22,7499.58,2/22/2023,Clothing,0,Illinois,C0264
P0013,485.87,26,12632.62,7/16/2023,Electronics,,Illinois,C0209
P0095,102.07,7,714.49,1/3/2023,Accessories,15,New York,C0296
P0017,239.98,51,12238.98,7/25/2023,Accessories,5,Florida,C0300
P0003,117.65,1,117.65,12/15/2023,Accessories,20,Texas,C0107
P0098,210.7,83,17488.1,1/2/2023,Accessories,,Florida,C0177
P0093,398.16,31,12342.96,2/19/2023,Accessories,20,California,C0053
P0043,,47,21161.28,12/21/2023,Accessories,15,Illinois,C0075
P0025,131.11,40,5244.4,1/30/2023,Accessories,0,Florida,C0178
P0006,279.6,7,1957.2,12/11/2023,Furniture,0,Texas,C0199
P0097,,39,5826.21,12/9/2023,Clothing,0,New York,C0035
P0080,,50,2767,12/27/2023,Clothing,15,Illinois,C0217
P0017,102.29,74,7569.46,9/6/2023,Accessories,20,Illinois,C0120
P0018,369.03,94,34688.82,9/1/2023,Food,20,New York,C0224
P0015,191.69,99,18977.31,12/24/2023,Furniture,10,Texas,C0282
P0030,148.23,33,4891.59,7/13/2023,Furniture,5,Texas,C0271
P0084,56.29,18,1013.22,2/4/2023,Food,20,New York,C0049
P0077,,58,16918.02,1/6/2023,Food,10,Texas,C0070
P0064,386.65,82,31705.3,5/25/2023,Clothing,15,Illinois,C0294
P0034,96.78,68,6581.04,10/31/2023,Furniture,20,California,C0279
P0078,12.95,55,712.25,2/11/2023,Furniture,20,New York,C0181
P0006,366.69,29,10634.01,3/26/2023,Food,20,Texas,C0041
P0050,171.84,30,5155.2,1/19/2023,Accessories,20,Illinois,C0174
P0086,133.75,78,10432.5,1/22/2023,Accessories,,Texas,C0109
P0013,179,75,13425,9/19/2023,Furniture,5,Illinois,C0108
P0023,194.69,60,11681.4,4/14/2023,Furniture,0,Illinois,C0228
P0017,231.27,14,3237.78,6/12/2023,Electronics,20,Illinois,C0141
P0011,446.34,,9819.48,7/1/2023,Accessories,15,Texas,C0238
P0020,96.69,54,5221.26,12/27/2023,Clothing,10,New York,C0099
P0050,436.11,24,10466.64,8/30/2023,Food,20,Texas,C0041
P0097,436.57,53,23138.21,2/6/2023,Accessories,,New York,C0043
P0076,472.02,78,36817.56,10/14/2023,Electronics,20,New York,C0054
P0082,310.53,97,30121.41,10/18/2023,Furniture,0,California,C0280
P0038,70.06,,1681.44,8/25/2023,Furniture,5,Texas,C0063
P0028,13.87,98,1359.26,12/12/2023,Clothing,0,California,C0060
P0009,95.01,4,380.04,4/11/2023,Food,5,California,C0170
P0028,351.16,69,24230.04,2/16/2023,Clothing,10,California,C0186
P0033,51.65,66,3408.9,11/17/2023,Accessories,20,Illinois,C0053
P0046,423.84,78,33059.52,8/27/2023,Furniture,15,California,C0206
P0008,151.55,66,10002.3,5/1/2023,Food,15,Illinois,C0225
P0073,,,42380.15,9/3/2023,Furniture,0,California,C0197
P0090,107.92,56,6043.52,6/24/2023,Clothing,15,Texas,C0257
P0014,426.26,72,30690.72,4/27/2023,Furniture,15,California,C0229
P0050,198.42,34,6746.28,8/13/2023,Food,0,California,C0151
P0094,45.65,21,958.65,7/27/2023,Furniture,0,Texas,C0245
P0004,358.18,96,34385.28,6/20/2023,Food,5,Florida,C0205
P0063,290.7,28,8139.6,1/31/2023,Clothing,5,Texas,C0176
P0033,451.19,,34290.44,7/3/2023,Food,15,Texas,C0025
P0039,49.18,45,2213.1,7/8/2023,Electronics,15,Florida,C0157
P0008,262.31,78,20460.18,11/13/2023,Clothing,5,Florida,C0252
P0085,399.04,45,17956.8,8/19/2023,Clothing,10,Florida,C0033
P0072,481.84,42,20237.28,4/21/2023,,10,Illinois,C0112
P0022,367.5,33,12127.5,12/17/2023,Electronics,10,Texas,C0079
P0007,375.32,77,28899.64,10/13/2023,Clothing,0,Florida,C0114
P0040,305.68,79,24148.72,12/24/2023,Clothing,,New York,C0277
P0055,,81,24578.64,11/11/2023,Food,10,New York,C0148
P0070,95.85,97,9297.45,3/24/2023,Electronics,0,Texas,C0012
P0065,465.18,36,16746.48,7/31/2023,Furniture,15,California,C0144
P0012,167.04,9,1503.36,8/2/2023,Electronics,,California,C0184
P0036,466.43,42,19590.06,3/19/2023,Food,15,New York,C0272
P0004,319.96,73,23357.08,3/30/2023,Food,15,New York,C0241
P0087,425.92,6,2555.52,7/9/2023,Clothing,5,California,C0190
P0036,141.63,59,8356.17,3/7/2023,Furniture,10,Texas,C0175
P0038,457.9,14,6410.6,4/26/2023,Electronics,0,Illinois,C0059
P0065,305.03,6,1830.18,11/2/2023,,0,California,C0277
P0080,278.94,53,14783.82,6/7/2023,Electronics,20,California,C0063
P0051,,25,10832.75,8/15/2023,Food,20,California,C0103
P0025,406.43,94,38204.42,7/10/2023,Food,10,Illinois,C0098
P0063,131.74,2,263.48,6/1/2023,Food,5,Texas,C0023
P0073,454.94,98,44584.12,10/27/2023,Accessories,15,Florida,C0271
P0059,229.07,67,15347.69,12/21/2023,,15,Florida,C0098
P0078,350.41,,3854.51,2/17/2023,Food,10,Illinois,C0157
P0059,157.51,94,14805.94,7/10/2023,Food,0,New York,C0090
P0025,202.8,48,9734.4,7/13/2023,Furniture,10,Texas,C0170
P0091,419.17,69,28922.73,4/4/2023,Food,10,California,C0076
P0087,430.22,63,27103.86,10/1/2023,Electronics,20,Illinois,C0192
P0099,414.71,100,41471,1/10/2023,Clothing,10,Texas,C0247
P0007,101.55,83,8428.65,1/17/2023,Food,20,Illinois,C0068
P0055,157.97,80,12637.6,11/3/2023,Food,0,Florida,C0132
P0056,156.88,17,2666.96,4/28/2023,Food,0,Texas,C0289
P0081,420.92,99,41671.08,7/29/2023,Accessories,5,California,C0272
P0002,16.26,90,1463.4,12/12/2023,Accessories,0,California,C0040
P0010,15.89,80,1271.2,5/24/2023,Electronics,10,Illinois,C0145
P0045,176.85,18,3183.3,5/24/2023,Electronics,20,Illinois,C0170
P0001,193.71,59,11428.89,2/15/2023,Food,20,Florida,C0200
P0034,411.5,49,20163.5,1/11/2023,Food,15,California,C0024
P0078,267.74,32,8567.68,6/25/2023,Furniture,10,Florida,C0037
P0057,230.24,19,4374.56,1/14/2023,Furniture,0,California,C0202
P0007,252.18,86,21687.48,5/28/2023,Food,20,New York,C0084
P0066,272.47,54,14713.38,4/14/2023,Food,20,New York,C0194
P0008,176.85,63,11141.55,8/2/2023,Clothing,0,Texas,C0009
P0010,202.24,7,1415.68,3/18/2023,Food,10,Texas,C0196
P0086,461.47,70,32302.9,4/14/2023,Electronics,15,Florida,C0173
P0011,23.95,34,814.3,6/4/2023,Furniture,0,Florida,C0015
P0064,215.67,94,20272.98,3/28/2023,Accessories,0,Texas,C0188
P0029,56.77,1,56.77,11/12/2023,Furniture,10,Texas,C0173
P0069,483.59,,18860.01,3/26/2023,Furniture,15,Texas,C0243
P0060,339.54,68,23088.72,2/3/2023,Food,20,California,C0234
P0072,404.51,37,14966.87,11/7/2023,Accessories,0,New York,C0276
P0022,212.91,100,21291,4/24/2023,Furniture,10,Texas,C0232
P0090,270.16,44,11887.04,10/27/2023,Food,0,Florida,C0144
P0081,396.91,37,14685.67,10/16/2023,Accessories,20,Illinois,C0194
P0078,422.99,47,19880.53,1/17/2023,Clothing,,Texas,C0009
P0059,74.88,66,4942.08,10/10/2023,Furniture,,New York,C0094
P0081,178.53,97,17317.41,9/13/2023,Accessories,5,New York,C0242
P0084,140.78,55,7742.9,5/1/2023,Furniture,0,Florida,C0264
P0028,438.05,26,11389.3,3/28/2023,Electronics,0,Illinois,C0242
P0038,473.42,1,473.42,7/26/2023,Accessories,20,California,C0255
P0069,152.87,76,11618.12,1/10/2023,Accessories,5,Texas,C0238
P0014,438.15,94,41186.1,12/9/2023,Accessories,15,New York,C0113
P0012,213.09,11,2343.99,9/28/2023,Food,5,California,C0159
P0051,472.61,93,43952.73,8/11/2023,Clothing,5,New York,C0267
P0036,353.41,42,14843.22,1/18/2023,Accessories,0,Florida,C0196
P0058,316.24,41,12965.84,3/12/2023,Food,20,Texas,C0291
P0087,,54,7948.8,9/14/2023,Furniture,0,Illinois,C0006
P0014,106.51,86,9159.86,4/8/2023,Electronics,5,Texas,C0064
P0025,394.32,92,36277.44,3/2/2023,Clothing,15,Illinois,C0014
P0008,261.98,88,23054.24,8/28/2023,,15,Florida,C0088
P0026,432.97,52,22514.44,11/24/2023,Electronics,,New York,C0032
P0011,367.61,22,8087.42,1/21/2023,Furniture,15,Florida,C0283
P0020,417.81,50,20890.5,8/11/2023,Food,0,Illinois,C0207
P0079,245.54,89,21853.06,12/24/2023,Electronics,10,Florida,C0205
P0065,298.77,13,3884.01,11/3/2023,Electronics,5,California,C0266
P0082,,55,12803.45,9/28/2023,Accessories,10,Illinois,C0293
P0053,,75,1377.75,11/27/2023,Clothing,5,California,C0218
P0028,490.26,35,17159.1,6/8/2023,Food,5,Illinois,C0077
P0026,330.17,16,5282.72,9/30/2023,Clothing,20,California,C0070
P0093,382.22,21,8026.62,5/8/2023,Food,20,Florida,C0086
P0084,427.96,72,30813.12,9/30/2023,Clothing,10,Florida,C0209
P0057,,80,35556.8,4/18/2023,Clothing,0,Florida,C0137
P0060,130.03,78,10142.34,12/13/2023,,20,California,C0021
P0098,311.43,65,20242.95,4/5/2023,Clothing,15,Texas,C0081
P0091,494.5,16,7912,6/13/2023,Electronics,5,California,C0156
P0097,,73,15536.59,6/16/2023,Clothing,10,California,C0140
P0022,,36,8892.72,5/23/2023,Furniture,10,Illinois,C0278
P0014,444.42,71,31553.82,4/2/2023,Accessories,15,Florida,C0001
P0032,494.16,38,18778.08,6/8/2023,Food,20,Texas,C0173
P0093,333.07,53,17652.71,8/8/2023,Electronics,5,Texas,C0026
P0098,199.34,,1196.04,1/1/2023,Accessories,15,Illinois,C0001
P0082,207.21,54,11189.34,4/7/2023,Electronics,10,Florida,C0292
P0021,,21,6836.34,3/19/2023,Electronics,10,New York,C0266
P0023,24.71,94,2322.74,2/27/2023,Clothing,15,New York,C0056
P0083,207.2,39,8080.8,3/10/2023,Accessories,10,Illinois,C0230
P0057,60.61,4,242.44,11/14/2023,Food,20,Texas,C0097
P0070,81.42,72,5862.24,5/13/2023,Furniture,5,Florida,C0006
P0039,53.05,37,1962.85,4/24/2023,Clothing,5,Texas,C0185
P0069,446.6,52,23223.2,11/25/2023,Furniture,0,California,C0248
P0043,204.58,96,19639.68,9/19/2023,Food,10,Texas,C0088
P0022,94.4,12,1132.8,3/7/2023,Furniture,5,California,C0037
P0004,472.62,53,25048.86,1/10/2023,Clothing,20,Texas,C0260
P0050,156.81,54,8467.74,12/24/2023,Clothing,10,Texas,C0248
P0025,325.15,,27312.6,1/11/2023,Clothing,10,California,C0176
P0066,,99,1417.68,6/25/2023,Accessories,10,Texas,C0229
P0091,457.15,98,44800.7,8/25/2023,Clothing,20,New York,C0222
P0039,77.08,65,5010.2,12/20/2023,Electronics,15,California,C0031
P0084,272.07,27,7345.89,6/28/2023,Clothing,0,Illinois,C0080
P0085,17.9,66,1181.4,4/5/2023,Furniture,5,Texas,C0216
P0036,327.91,62,20330.42,7/30/2023,Accessories,0,Illinois,C0027
P0062,75.12,44,3305.28,3/22/2023,Electronics,5,Florida,C0170
P0040,316.85,49,15525.65,7/24/2023,Food,20,New York,C0163
P0027,79.16,74,5857.84,11/23/2023,Accessories,10,Florida,C0025
P0086,188.46,51,9611.46,12/3/2023,Accessories,20,Illinois,C0072
P0081,25.78,21,541.38,1/11/2023,Clothing,10,Florida,C0057
P0012,112.91,48,5419.68,5/12/2023,Clothing,15,Illinois,C0130
P0042,248.58,,16903.44,11/26/2023,Accessories,5,Texas,C0035
P0047,463.81,72,33394.32,8/15/2023,Accessories,10,New York,C0260
P0078,189.27,47,8895.69,12/22/2023,,,Texas,C0180
P0037,322.76,95,30662.2,8/1/2023,Furniture,0,Texas,C0183
P0023,475.99,46,21895.54,1/4/2023,Furniture,5,California,C0218
P0031,354.97,16,5679.52,6/12/2023,Accessories,0,New York,C0183
P0033,291.24,52,15144.48,9/9/2023,Furniture,0,New York,C0212
P0049,259.2,39,10108.8,9/17/2023,Furniture,20,California,C0009
P0031,463.04,57,26393.28,8/25/2023,Furniture,0,California,C0272
P0057,209.55,29,6076.95,9/13/2023,Electronics,20,California,C0150
P0009,498.96,58,28939.68,7/30/2023,Accessories,0,California,C0096
P0034,461.55,,31385.4,1/5/2023,Food,10,California,C0264
P0046,232.49,67,15576.83,9/18/2023,Food,20,California,C0272
P0033,141.48,61,8630.28,3/18/2023,Clothing,20,California,C0206
P0029,451.31,59,26627.29,5/12/2023,Food,20,Florida,C0275
P0050,54.18,39,2113.02,12/26/2023,Furniture,15,New York,C0186
P0059,315.57,,3471.27,3/14/2023,Accessories,5,Florida,C0202
P0029,65.78,16,1052.48,4/21/2023,Clothing,20,Florida,C0214
P0066,115.06,92,10585.52,7/18/2023,Clothing,20,Illinois,C0203
P0099,221.63,35,7757.05,9/4/2023,Clothing,15,California,C0090
P0038,444.66,20,8893.2,3/7/2023,Food,10,Texas,C0197
P0098,439.44,31,13622.64,5/7/2023,Food,15,Florida,C0105
P0035,445.43,18,8017.74,12/13/2023,Food,10,California,C0106
P0098,,94,36470.12,3/19/2023,Furniture,5,California,C0038
P0090,80.75,61,4925.75,7/4/2023,Accessories,15,Florida,C0181
P0005,223.56,21,4694.76,10/29/2023,Accessories,,Illinois,C0050
P0036,408.23,89,36332.47,10/20/2023,,0,New York,C0160
P0100,,93,28022.76,6/14/2023,Furniture,20,Illinois,C0013
P0031,75.71,9,681.39,12/17/2023,Clothing,0,California,C0063
P0093,120.56,62,7474.72,4/14/2023,Furniture,5,California,C0241
P0002,,11,5121.93,11/23/2023,Electronics,20,Texas,C0192
P0092,168.48,87,14657.76,8/8/2023,Food,20,California,C0107
P0079,319.22,89,28410.58,1/3/2023,Food,10,Texas,C0284
P0092,15.26,93,1419.18,2/27/2023,Accessories,15,Texas,C0263
P0005,14.54,1,14.54,10/10/2023,Clothing,15,Florida,C0002
P0009,307.89,86,26478.54,1/12/2023,Electronics,20,Illinois,C0127
P0067,49.52,56,2773.12,2/5/2023,,10,New York,C0036
P0045,431.38,48,20706.24,9/19/2023,Clothing,0,Illinois,C0222
P0041,38.76,13,503.88,1/18/2023,Clothing,,Illinois,C0099
P0086,307.68,55,16922.4,11/23/2023,,0,Illinois,C0290
P0013,66.42,81,5380.02,7/29/2023,Accessories,0,Florida,C0261
P0081,313.73,91,28549.43,10/27/2023,Clothing,0,Florida,C0165
P0092,468.03,32,14976.96,5/21/2023,Food,15,Florida,C0158
P0100,402.68,10,4026.8,9/25/2023,Accessories,5,Illinois,C0019
P0031,68.61,,3430.5,7/24/2023,Clothing,20,Florida,C0181
P0090,167.5,30,5025,1/23/2023,Accessories,15,Illinois,C0012
P0036,233.79,66,15430.14,4/17/2023,Clothing,5,New York,C0299
P0095,76.62,45,3447.9,8/29/2023,Furniture,15,New York,C0207
P0094,198.74,34,6757.16,9/5/2023,Clothing,10,Illinois,C0146
P0066,261.03,70,18272.1,1/2/2023,Clothing,,Illinois,C0005
P0012,119.8,82,9823.6,6/20/2023,Furniture,5,California,C0251
P0100,100.08,77,7706.16,4/10/2023,Clothing,15,Florida,C0259
P0043,334.21,54,18047.34,7/31/2023,Furniture,15,Illinois,C0146
P0086,360.15,76,27371.4,8/8/2023,Clothing,20,New York,C0222
P0057,284.33,,8245.57,4/24/2023,Electronics,10,Illinois,C0123
P0069,281.65,18,5069.7,8/8/2023,Furniture,15,Texas,C0224
P0003,341.93,77,26328.61,12/20/2023,Accessories,15,New York,C0065
P0014,255.56,67,17122.52,4/9/2023,Electronics,10,New York,C0074
P0100,253.22,60,15193.2,11/15/2023,Electronics,5,California,C0184
P0025,286.27,52,14886.04,9/18/2023,Electronics,10,Florida,C0266
P0073,119.39,48,5730.72,5/23/2023,,15,Texas,C0091
P0061,65.1,59,3840.9,2/10/2023,Electronics,0,Texas,C0046
P0054,127.14,1,127.14,7/17/2023,Food,5,New York,C0018
P0037,490.18,7,3431.26,12/3/2023,Accessories,15,California,C0063
P0005,69.87,66,4611.42,3/29/2023,Accessories,20,Texas,C0012
P0067,375.56,30,11266.8,7/14/2023,Accessories,5,Illinois,C0190
P0056,97.51,11,1072.61,2/5/2023,Clothing,5,California,C0225
P0018,38.77,32,1240.64,9/11/2023,,15,California,C0092
P0059,33.58,47,1578.26,6/23/2023,,10,California,C0077
P0012,192.32,52,10000.64,6/1/2023,Food,20,California,C0063
P0047,340.07,89,30266.23,1/16/2023,Clothing,20,Illinois,C0293
P0098,349.57,45,15730.65,2/7/2023,Clothing,0,Illinois,C0091
P0024,382.34,,17205.3,4/25/2023,Electronics,10,Texas,C0157
P0066,309.17,86,26588.62,2/3/2023,Food,10,Texas,C0016
P0051,200.41,61,12225.01,8/11/2023,,15,California,C0247
P0033,72.54,14,1015.56,8/6/2023,Clothing,10,Florida,C0078
P0077,103.44,99,10240.56,9/8/2023,Clothing,20,Texas,C0011
P0063,59.61,58,3457.38,3/2/2023,Accessories,,Texas,C0220
P0097,298.54,8,2388.32,11/18/2023,Clothing,15,New York,C0276
P0046,446.44,14,6250.16,8/11/2023,Furniture,10,California,C0200
P0060,,,6447.28,11/15/2023,Clothing,15,California,C0069
P0072,482.5,72,34740,6/7/2023,Clothing,5,New York,C0129
P0054,229.33,32,7338.56,6/17/2023,Electronics,5,New York,C0209
P0012,477.23,28,13362.44,7/8/2023,Clothing,,Illinois,C0078
P0064,193.79,98,18991.42,11/7/2023,Food,5,New York,C0152
P0036,111.42,77,8579.34,8/31/2023,Clothing,10,Texas,C0234
P0089,425.83,88,37473.04,2/22/2023,Clothing,5,Illinois,C0074
P0012,371.9,21,7809.9,12/18/2023,Furniture,10,Texas,C0198
P0078,354.17,54,19125.18,9/12/2023,Food,20,California,C0194
P0038,125.26,68,8517.68,2/12/2023,Electronics,5,New York,C0155
P0031,166.78,78,13008.84,1/18/2023,Food,10,New York,C0191
P0003,,72,29638.08,6/11/2023,Food,0,Illinois,C0233
P0099,284.17,13,3694.21,4/19/2023,Food,10,New York,C0028
P0099,329.56,81,26694.36,2/27/2023,Food,15,Illinois,C0241
P0094,150.15,27,4054.05,11/19/2023,Furniture,10,Florida,C0201
P0061,481.76,51,24569.76,5/28/2023,Electronics,20,Texas,C0005
P0074,447.7,14,6267.8,7/11/2023,Clothing,10,Texas,C0291
P0083,,43,10844.17,4/10/2023,Furniture,20,Texas,C0114
P0078,18.13,26,471.38,5/7/2023,Furniture,5,Texas,C0237
P0007,291.54,2,583.08,12/7/2023,Electronics,5,Florida,C0240
P0079,266.92,4,1067.68,11/8/2023,Electronics,10,Texas,C0241
P0017,79.11,7,553.77,9/5/2023,Furniture,15,New York,C0017
P0092,39.6,61,2415.6,8/7/2023,Food,10,Texas,C0198
P0063,103.62,84,8704.08,8/12/2023,Electronics,10,New York,C0088
P0005,96.01,51,4896.51,6/22/2023,Food,5,New York,C0295
P0084,27.93,67,1871.31,12/21/2023,Clothing,0,Florida,C0174
P0041,384.15,99,38030.85,3/8/2023,Food,10,New York,C0248
P0008,149.03,44,6557.32,10/13/2023,Accessories,15,California,C0180
P0024,97.77,21,2053.17,8/15/2023,Clothing,5,Illinois,C0229
P0060,278.94,1,278.94,3/16/2023,Clothing,15,Florida,C0135
P0039,42.91,64,2746.24,12/7/2023,Furniture,15,Illinois,C0117
P0039,237.07,38,9008.66,3/24/2023,Accessories,0,Texas,C0087
P0029,24.98,39,974.22,9/29/2023,Electronics,0,Florida,C0286
P0043,429.14,,31327.22,4/14/2023,Food,5,California,C0061
P0088,27.72,8,221.76,1/14/2023,Electronics,15,California,C0229
P0056,462.7,41,18970.7,12/13/2023,Furniture,20,Florida,C0054
P0057,107.16,27,2893.32,9/9/2023,Accessories,,California,C0300
P0020,349.97,50,17498.5,4/2/2023,Food,5,Texas,C0220
P0046,317.93,54,17168.22,12/20/2023,Accessories,20,Texas,C0110
P0022,358.29,35,12540.15,1/31/2023,Furniture,0,New York,C0297
P0087,382.2,34,12994.8,1/14/2023,Furniture,10,California,C0084
P0025,255.11,83,21174.13,11/2/2023,Accessories,10,Illinois,C0130
P0061,189.76,56,10626.56,6/29/2023,Accessories,10,Texas,C0098
P0030,287.62,98,28186.76,8/15/2023,Electronics,10,California,C0025
P0046,162.04,43,6967.72,8/31/2023,Furniture,0,Florida,C0042
P0010,97.36,22,2141.92,12/24/2023,Food,0,Florida,C0108
P0077,388.25,27,10482.75,11/4/2023,Accessories,5,California,C0165
P0074,70.47,16,1127.52,8/1/2023,Food,0,California,C0095
P0038,241.1,80,19288,5/31/2023,Food,,New York,C0233
P0069,466.97,53,24749.41,1/22/2023,Clothing,5,Illinois,C0116
P0087,486.98,95,46263.1,4/5/2023,Electronics,,Florida,C0181
P0016,208.72,99,20663.28,4/8/2023,Clothing,10,New York,C0086
P0025,354.65,97,34401.05,3/2/2023,Food,20,Texas,C0037
P0062,83.18,81,6737.58,8/26/2023,Accessories,15,Florida,C0183
P0018,133.49,86,11480.14,12/15/2023,Food,15,Illinois,C0033
P0011,127.67,71,9064.57,4/17/2023,Clothing,10,Texas,C0182
P0065,249.14,65,16194.1,7/7/2023,Furniture,20,Florida,C0225
P0078,143.19,67,9593.73,12/4/2023,Food,15,New York,C0170
P0049,181.53,44,7987.32,3/23/2023,Clothing,5,California,C0093
P0058,65.83,42,2764.86,3/3/2023,Electronics,15,New York,C0274
P0003,117.63,,8234.1,2/9/2023,Electronics,5,Florida,C0034
P0045,158.48,28,4437.44,8/25/2023,Clothing,15,Illinois,C0288
P0025,377.38,49,18491.62,8/27/2023,Food,5,Florida,C0210
P0038,135.51,63,8537.13,9/5/2023,Electronics,20,California,C0025
P0061,,60,26257.8,5/15/2023,Clothing,10,Florida,C0264
P0073,379.77,92,34938.84,9/8/2023,Electronics,5,Texas,C0119
P0006,231.18,45,10403.1,7/27/2023,Accessories,15,Florida,C0101
P0046,,47,20656.97,3/1/2023,Accessories,20,California,C0055
P0022,58.99,63,3716.37,2/8/2023,Electronics,20,Texas,C0079
P0022,466.87,67,31280.29,2/7/2023,Electronics,0,California,C0039
P0028,422.18,9,3799.62,11/24/2023,Clothing,15,California,C0014
P0001,265.3,2,530.6,9/13/2023,Furniture,20,New York,C0087
P0076,405.75,9,3651.75,12/8/2023,Food,0,Florida,C0060
P0069,182.73,,2923.68,7/19/2023,Food,10,Florida,C0032
P0069,338.93,66,22369.38,3/29/2023,Food,10,California,C0023
P0074,204.17,48,9800.16,7/1/2023,Clothing,10,Texas,C0152
P0039,177.02,56,9913.12,5/11/2023,Electronics,20,Illinois,C0264
P0049,463.74,44,20404.56,1/4/2023,Food,10,Texas,C0024
P0075,,66,32342.64,10/8/2023,Furniture,20,Texas,C0245
P0014,314.49,62,19498.38,7/20/2023,Food,10,Illinois,C0012
P0066,73.61,76,5594.36,11/26/2023,Accessories,0,California,C0272
P0019,16.33,25,408.25,1/1/2023,Food,0,Illinois,C0021
P0050,286.51,60,17190.6,3/24/2023,Electronics,20,Texas,C0035
P0082,284.21,19,5399.99,2/28/2023,Accessories,,Florida,C0049
P0092,177.27,99,17549.73,1/18/2023,Food,20,California,C0076
P0003,8.83,96,847.68,11/25/2023,Food,15,Florida,C0249
P0098,106.91,52,5559.32,2/25/2023,Furniture,0,California,C0168
P0018,155.99,85,13259.15,11/14/2023,Clothing,15,New York,C0236
P0001,224.97,69,15522.93,12/2/2023,Accessories,20,Florida,C0130
P0042,493.87,34,16791.58,2/13/2023,Clothing,10,New York,C0298
P0014,134.05,35,4691.75,3/11/2023,Accessories,10,Illinois,C0010
P0033,362.14,69,24987.66,12/5/2023,Clothing,10,Texas,C0262
P0062,328.17,34,11157.78,8/14/2023,Accessories,15,Texas,C0173
P0093,,28,9166.08,9/12/2023,Food,5,Texas,C0065
P0018,256.36,15,3845.4,8/18/2023,Accessories,10,Illinois,C0111
P0076,427.39,51,21796.89,10/7/2023,Electronics,15,Florida,C0229
P0060,185.56,15,2783.4,2/27/2023,Accessories,5,California,C0134
P0018,494.54,,46486.76,8/18/2023,Electronics,15,Florida,C0026
P0011,345.78,58,20055.24,8/25/2023,Food,20,New York,C0021
P0074,294.38,93,27377.34,7/10/2023,Accessories,0,Illinois,C0234
P0034,42.44,36,1527.84,12/30/2023,Electronics,20,Illinois,C0052
P0051,340.82,11,3749.02,12/9/2023,Furniture,10,Texas,C0269
P0055,288.53,98,28275.94,5/22/2023,Food,,California,C0098
P0070,16.99,30,509.7,1/23/2023,Clothing,20,New York,C0277
P0098,414.73,70,29031.1,10/15/2023,Electronics,5,Texas,C0070
P0019,100.04,95,9503.8,8/19/2023,Electronics,5,California,C0026
P0081,120.31,41,4932.71,1/9/2023,Furniture,10,New York,C0137
P0088,379.54,22,8349.88,12/30/2023,Accessories,5,California,C0100
P0068,36.52,51,1862.52,10/14/2023,Furniture,10,Texas,C0212
P0098,251.71,15,3775.65,1/23/2023,Electronics,15,New York,C0233
P0073,295.67,61,18035.87,5/30/2023,Food,20,Illinois,C0064
P0013,6.05,92,556.6,5/25/2023,Furniture,10,Florida,C0040
P0050,125.91,27,3399.57,3/3/2023,Electronics,5,Texas,C0103
P0057,188.37,97,18271.89,4/22/2023,Accessories,15,Texas,C0177
P0010,147.18,45,6623.1,8/19/2023,Electronics,20,Florida,C0040
P0031,361.99,,17013.53,5/29/2023,Clothing,,California,C0253
P0081,201.75,21,4236.75,11/30/2023,Accessories,20,Texas,C0097
P0021,301.73,93,28060.89,7/12/2023,Food,0,New York,C0167
P0049,88.33,2,176.66,5/19/2023,Furniture,10,Florida,C0181
P0074,111.6,33,3682.8,10/20/2023,Furniture,0,Florida,C0034
P0019,149.63,1,149.63,8/22/2023,Food,15,California,C0266
P0064,21.75,6,130.5,10/29/2023,Furniture,10,New York,C0102
P0063,92.01,31,2852.31,7/24/2023,Furniture,10,New York,C0120
P0098,205.79,,10083.71,7/24/2023,Clothing,10,Florida,C0244
P0092,312.22,94,29348.68,1/10/2023,Food,15,California,C0098
P0090,126.82,98,12428.36,1/16/2023,Clothing,0,Illinois,C0215
P0076,144.84,95,13759.8,8/27/2023,Food,15,New York,C0101
P0045,127.07,,12071.65,5/12/2023,Furniture,20,Illinois,C0113
P0091,164.85,68,11209.8,12/9/2023,Clothing,20,New York,C0028
P0001,483.19,96,46386.24,9/18/2023,Electronics,15,California,C0249
P0021,114.31,,10973.76,7/25/2023,Accessories,5,Florida,C0205
P0008,396.83,23,9127.09,2/2/2023,Accessories,20,Florida,C0025
P0089,8.22,48,394.56,9/10/2023,Food,5,Texas,C0008
P0044,25.88,90,2329.2,12/13/2023,Accessories,0,Texas,C0122
P0026,115.55,78,9012.9,9/16/2023,Furniture,0,Florida,C0068
P0057,148.68,17,2527.56,6/15/2023,Clothing,10,Florida,C0132
P0037,,92,32357.32,8/1/2023,Clothing,5,New York,C0031
P0031,480.94,46,22123.24,1/11/2023,Clothing,20,California,C0075
P0020,95.16,48,4567.68,7/2/2023,Clothing,10,Texas,C0252
P0067,347.8,67,23302.6,10/27/2023,Clothing,15,California,C0115
P0095,128.56,8,1028.48,8/8/2023,,0,Texas,C0044
P0069,138,84,11592,11/27/2023,Food,0,Florida,C0118
P0023,288.5,44,12694,9/25/2023,Furniture,20,New York,C0080
P0059,404.68,83,33588.44,10/26/2023,Electronics,0,Illinois,C0117
P0045,204.45,44,8995.8,9/25/2023,Electronics,15,Florida,C0175
P0086,389.88,38,14815.44,10/3/2023,Food,20,New York,C0026
P0081,132.39,37,4898.43,8/6/2023,Food,20,Florida,C0113
P0003,309.22,50,15461,5/5/2023,Accessories,0,Texas,C0017
P0002,293.33,47,13786.51,2/24/2023,Food,5,California,C0256
P0009,307.14,22,6757.08,6/15/2023,Furniture,20,Illinois,C0072
P0085,265.84,17,4519.28,5/23/2023,Food,20,New York,C0126
P0088,288.02,79,22753.58,9/24/2023,Electronics,0,Florida,C0297
P0020,46.99,64,3007.36,11/18/2023,Accessories,10,New York,C0027
P0080,370.18,16,5922.88,11/3/2023,Accessories,5,Florida,C0019
P0026,281.33,47,13222.51,1/19/2023,Furniture,10,California,C0254
P0062,263.19,57,15001.83,12/24/2023,Food,0,California,C0158
P0025,198.65,85,16885.25,3/12/2023,Electronics,15,New York,C0266
P0048,235.45,51,12007.95,11/9/2023,Furniture,0,New York,C0269
P0034,427.5,71,30352.5,4/7/2023,Electronics,10,Florida,C0252
P0070,177.95,75,13346.25,5/15/2023,Food,,Texas,C0090
P0020,391.64,7,2741.48,10/15/2023,Clothing,0,Illinois,C0209
P0068,375.97,69,25941.93,8/7/2023,Accessories,20,Illinois,C0269
P0073,276.04,66,18218.64,10/30/2023,Electronics,10,Florida,C0067
P0088,,52,11518,3/28/2023,Clothing,5,Illinois,C0045
P0012,453.41,72,32645.52,2/5/2023,Clothing,20,Florida,C0067
P0033,456.02,82,37393.64,3/16/2023,Furniture,10,California,C0280
P0039,57.87,94,5439.78,7/21/2023,Clothing,0,Texas,C0186
P0090,173.26,99,17152.74,12/1/2023,Furniture,10,New York,C0168
P0097,497.5,86,42785,3/7/2023,Clothing,5,California,C0268
P0020,,68,7476.6,10/27/2023,Electronics,10,California,C0211
P0017,169.11,88,14881.68,12/21/2023,Accessories,0,California,C0246
P0055,151.29,6,907.74,11/26/2023,Furniture,10,Texas,C0203
P0001,452.56,80,36204.8,2/27/2023,Clothing,10,New York,C0037
P0059,480.08,77,36966.16,5/25/2023,Clothing,5,Texas,C0274
P0051,372.79,4,1491.16,9/25/2023,Furniture,10,New York,C0049
P0069,477.27,3,1431.81,1/12/2023,Accessories,20,California,C0214
P0020,371.76,25,9294,4/7/2023,Accessories,20,Illinois,C0248
P0005,411.28,61,25088.08,7/18/2023,Electronics,20,Illinois,C0020
P0077,218.8,8,1750.4,8/30/2023,,10,New York,C0073
P0072,256.07,,3072.84,2/2/2023,Furniture,15,California,C0181
P0035,437.33,70,30613.1,8/24/2023,,0,Illinois,C0087
P0001,480.28,8,3842.24,5/19/2023,Food,5,Florida,C0092
P0043,164.61,94,15473.34,12/26/2023,Electronics,0,Illinois,C0081
P0035,244.11,86,20993.46,3/8/2023,Accessories,20,Illinois,C0001
P0091,185.4,61,11309.4,5/10/2023,Clothing,10,Florida,C0257
P0073,142.68,81,11557.08,3/1/2023,Furniture,0,Florida,C0238
P0042,134.86,,5933.84,9/30/2023,Food,0,California,C0135
P0004,414.74,96,39815.04,5/9/2023,Furniture,15,California,C0273
P0019,238.02,57,13567.14,9/30/2023,Accessories,15,California,C0253
P0095,54.88,87,4774.56,7/8/2023,Furniture,10,California,C0074
P0046,483.45,53,25622.85,8/17/2023,Food,10,California,C0058
P0099,462.45,26,12023.7,5/5/2023,Accessories,15,Texas,C0013
P0003,390.88,8,3127.04,11/30/2023,Electronics,15,New York,C0157
P0041,,5,1391.15,10/14/2023,Electronics,10,Illinois,C0135
P0018,42.49,52,2209.48,4/17/2023,Accessories,5,New York,C0209
P0052,355.13,81,28765.53,11/12/2023,Accessories,5,Texas,C0035
P0096,68.94,54,3722.76,3/13/2023,Clothing,,Illinois,C0266
P0085,373.49,66,24650.34,7/10/2023,Accessories,0,Texas,C0195
P0025,,27,3936.33,3/11/2023,Clothing,10,Illinois,C0028
P0033,325.66,66,21493.56,11/17/2023,Electronics,,Illinois,C0135
P0070,459.16,52,23876.32,6/10/2023,Furniture,20,California,C0209
P0084,278.14,16,4450.24,8/11/2023,Accessories,,Illinois,C0131
P0041,102.66,18,1847.88,2/27/2023,,15,California,C0048
P0024,411.27,42,17273.34,3/15/2023,Furniture,5,California,C0128
P0065,316.68,80,25334.4,3/16/2023,Electronics,5,Texas,C0217
P0095,133.31,55,7332.05,1/17/2023,Food,15,California,C0259
P0094,342.71,1,342.71,9/5/2023,Food,0,Illinois,C0296
P0002,303.28,86,26082.08,10/3/2023,Clothing,15,New York,C0098
P0060,256.34,35,8971.9,3/28/2023,Accessories,10,Illinois,C0179
P0034,113.4,45,5103,12/17/2023,Accessories,5,Florida,C0032
P0100,430.31,69,29691.39,7/12/2023,,0,Illinois,C0108
P0058,325.42,27,8786.34,11/24/2023,Electronics,15,California,C0013
P0041,333.84,44,14688.96,6/3/2023,Accessories,20,New York,C0185
P0038,205.02,64,13121.28,1/20/2023,Furniture,,Texas,C0080
P0058,57.78,,808.92,1/25/2023,Clothing,20,Illinois,C0276
P0039,461.98,59,27256.82,2/3/2023,Accessories,10,Illinois,C0149
P0018,351.55,,8437.2,12/1/2023,Furniture,0,Illinois,C0275
P0023,19.27,11,211.97,5/30/2023,Furniture,20,Florida,C0132
P0081,106.83,8,854.64,9/24/2023,Clothing,0,Florida,C0119
P0100,420.87,57,23989.59,9/10/2023,Electronics,5,Florida,C0102
P0035,320.75,40,12830,7/16/2023,Food,15,California,C0162
P0029,263.25,21,5528.25,5/12/2023,Clothing,10,Illinois,C0039
P0066,346.98,70,24288.6,2/20/2023,Furniture,0,Illinois,C0299
P0091,228.66,4,914.64,8/7/2023,Accessories,0,California,C0156
P0079,330.43,83,27425.69,7/13/2023,Electronics,0,Texas,C0064
P0042,53.93,18,970.74,1/5/2023,Clothing,15,Florida,C0128
P0054,423.77,69,29240.13,5/15/2023,Clothing,20,Florida,C0117
P0064,100.04,29,2901.16,8/13/2023,Accessories,0,Texas,C0280
P0075,490.27,45,22062.15,6/14/2023,Food,20,New York,C0165
P0037,451.74,87,39301.38,11/29/2023,Food,10,Texas,C0015
P0066,294.2,97,28537.4,11/4/2023,,0,Texas,C0237
P0052,43.05,72,3099.6,5/5/2023,Furniture,0,New York,C0023
P0092,414.49,55,22796.95,9/27/2023,Furniture,0,Texas,C0126
P0057,217.86,96,20914.56,1/30/2023,Furniture,0,Illinois,C0279
P0007,209,10,2090,4/22/2023,Furniture,0,New York,C0298
P0039,384.18,80,30734.4,6/2/2023,Food,10,Texas,C0137
P0051,101.45,,202.9,3/16/2023,Furniture,0,California,C0141
P0058,197.16,86,16955.76,4/14/2023,Furniture,5,Texas,C0258
P0024,132.8,94,12483.2,3/1/2023,Furniture,0,Florida,C0034
P0049,450.92,52,23447.84,9/20/2023,Accessories,10,New York,C0133
P0023,328.71,67,22023.57,7/14/2023,Furniture,20,Florida,C0248
P0067,489.54,47,23008.38,6/27/2023,Furniture,0,Illinois,C0018
P0011,268.2,31,8314.2,7/1/2023,Clothing,15,Florida,C0063
P0023,292.33,71,20755.43,8/20/2023,Clothing,10,Illinois,C0239
P0090,136.76,45,6154.2,8/26/2023,Furniture,20,California,C0244
P0070,167.84,37,6210.08,12/27/2023,Accessories,15,Illinois,C0088
P0018,228.25,22,5021.5,9/22/2023,Clothing,10,Florida,C0221
P0043,114.69,16,1835.04,4/9/2023,Furniture,20,New York,C0207
P0036,113.68,77,8753.36,7/20/2023,Electronics,0,Illinois,C0002
P0090,,47,17739.21,2/7/2023,Electronics,5,California,C0013
P0005,239.65,93,22287.45,5/31/2023,Furniture,20,California,C0294
P0098,190.71,80,15256.8,4/16/2023,Electronics,10,Florida,C0016
P0079,109.34,82,8965.88,2/25/2023,Accessories,15,Texas,C0068
P0029,383.64,84,32225.76,4/21/2023,Accessories,10,New York,C0238
P0092,446.75,70,31272.5,8/9/2023,Electronics,5,New York,C0030
P0081,317.43,59,18728.37,6/4/2023,Clothing,20,Florida,C0283
P0001,107.12,36,3856.32,3/8/2023,Electronics,,Texas,C0162
P0082,310.29,12,3723.48,8/8/2023,Furniture,0,Illinois,C0273
P0001,112.77,91,10262.07,6/1/2023,Furniture,0,California,C0290
P0051,19.47,37,720.39,6/18/2023,Food,0,Florida,C0098
P0053,262.34,4,1049.36,1/4/2023,Food,10,Illinois,C0143
P0044,170.29,32,5449.28,5/21/2023,Accessories,0,Illinois,C0141
P0017,166.78,31,5170.18,8/6/2023,Furniture,5,Illinois,C0121
P0012,156.87,72,11294.64,2/11/2023,Furniture,15,California,C0121
P0003,200.1,4,800.4,6/19/2023,Furniture,5,Texas,C0214
P0036,189.2,12,2270.4,3/26/2023,Clothing,20,Texas,C0114
P0033,387.64,72,27910.08,2/22/2023,Furniture,5,Illinois,C0067
P0090,154.12,42,6473.04,11/9/2023,,0,Florida,C0101
P0084,,84,17083.08,5/5/2023,Accessories,10,New York,C0150
P0026,127.94,86,11002.84,1/15/2023,,,Florida,C0231
P0033,201.22,53,10664.66,4/15/2023,,5,Florida,C0076
P0005,397.45,42,16692.9,2/26/2023,Electronics,5,New York,C0144
P0018,333.43,8,2667.44,9/14/2023,Accessories,0,California,C0095
P0066,327.01,62,20274.62,12/25/2023,Accessories,0,Florida,C0247
P0088,279.15,6,1674.9,7/29/2023,Accessories,15,Illinois,C0155
P0063,104.76,94,9847.44,12/17/2023,Electronics,15,Illinois,C0004
P0023,141.52,30,4245.6,9/20/2023,Food,10,Illinois,C0234
P0076,345.19,39,13462.41,2/13/2023,Electronics,,Texas,C0123
P0039,407.39,77,31369.03,4/7/2023,Accessories,10,Illinois,C0178
P0095,414.93,10,4149.3,1/21/2023,Accessories,20,New York,C0149
P0003,403.93,5,2019.65,11/14/2023,Accessories,0,Florida,C0284
P0056,330,62,20460,11/30/2023,Electronics,0,California,C0125
P0078,172.39,71,12239.69,7/9/2023,Electronics,5,California,C0248
P0040,472.68,92,43486.56,4/19/2023,Electronics,10,New York,C0276
P0013,125.29,54,6765.66,5/4/2023,Clothing,10,Texas,C0157
P0054,104.42,83,8666.86,3/31/2023,Food,5,California,C0019
P0064,385,71,27335,4/13/2023,Electronics,10,Florida,C0295
P0056,205.82,99,20376.18,12/29/2023,Accessories,20,Illinois,C0187
P0051,251.48,90,22633.2,8/15/2023,Accessories,10,New York,C0103
P0008,284.87,41,11679.67,3/14/2023,Food,15,Illinois,C0075
P0015,144.01,33,4752.33,9/21/2023,Furniture,10,California,C0030
P0061,265.1,40,10604,5/21/2023,Food,10,California,C0101
P0007,101.99,82,8363.18,11/16/2023,Food,10,Florida,C0008
P0063,236.68,45,10650.6,9/2/2023,Accessories,20,Illinois,C0010
P0084,83.03,48,3985.44,11/18/2023,Clothing,15,New York,C0021
P0072,370.24,4,1480.96,10/21/2023,Furniture,10,California,C0260
P0041,149.59,82,12266.38,10/29/2023,Accessories,,Texas,C0177
P0024,114.97,14,1609.58,3/27/2023,Electronics,10,Florida,C0018
P0071,477.8,93,44435.4,12/4/2023,Furniture,15,Texas,C0012
P0072,50.87,3,152.61,1/4/2023,,0,Texas,C0239
P0077,14.06,57,801.42,5/9/2023,,0,Illinois,C0256
P0064,276.53,29,8019.37,5/4/2023,Accessories,15,Illinois,C0038
P0006,11.54,24,276.96,12/13/2023,Electronics,15,California,C0136
P0092,95.22,63,5998.86,1/5/2023,Electronics,15,Texas,C0116
P0030,248.29,20,4965.8,10/26/2023,Furniture,0,New York,C0072
P0076,469.1,85,39873.5,12/30/2023,Accessories,10,Illinois,C0021
P0066,135.63,21,2848.23,10/14/2023,Electronics,10,Texas,C0182
P0004,372.19,9,3349.71,9/5/2023,Accessories,20,California,C0230
P0088,13.31,51,678.81,3/18/2023,Accessories,20,Florida,C0075
P0005,,78,6170.58,8/11/2023,Clothing,0,Illinois,C0255
P0011,392.75,59,23172.25,7/22/2023,Accessories,,Illinois,C0103
P0068,8.36,87,727.32,11/3/2023,Accessories,10,Texas,C0225
P0075,241.01,31,7471.31,11/11/2023,Furniture,0,Texas,C0081
P0032,498.92,97,48395.24,3/14/2023,Electronics,20,Texas,C0047
P0086,243.37,84,20443.08,4/27/2023,Food,0,Texas,C0230
P0076,354.25,41,14524.25,4/24/2023,Food,20,California,C0094
P0012,350.72,58,20341.76,12/7/2023,Clothing,5,Texas,C0132
P0005,340.22,69,23475.18,10/16/2023,Food,20,Texas,C0178
P0082,,85,16540.15,6/24/2023,Accessories,5,New York,C0070
P0005,196.37,70,13745.9,6/4/2023,Food,10,New York,C0070
P0040,229.83,96,22063.68,3/7/2023,Accessories,,Illinois,C0007
P0100,,53,11595.87,7/11/2023,Food,15,California,C0006
P0098,306.94,50,15347,5/2/2023,Electronics,15,Illinois,C0062
P0004,275.92,43,11864.56,5/21/2023,Clothing,15,California,C0024
P0094,153.5,16,2456,8/20/2023,Clothing,10,Illinois,C0074
P0087,200.22,21,4204.62,7/24/2023,Furniture,15,New York,C0171
P0022,11.99,84,1007.16,3/29/2023,Furniture,20,Florida,C0065
P0062,54.26,11,596.86,7/24/2023,Electronics,0,Florida,C0195
P0078,251.92,98,24688.16,12/24/2023,Accessories,10,Florida,C0058
P0078,169.88,15,2548.2,12/11/2023,Food,0,New York,C0195
P0006,261.56,31,8108.36,7/12/2023,Food,5,California,C0117
P0052,52.4,64,3353.6,8/15/2023,Accessories,5,California,C0057
P0013,354.02,26,9204.52,10/9/2023,Accessories,15,Florida,C0089
P0078,440.33,68,29942.44,4/16/2023,Food,5,California,C0029
P0086,413.42,7,2893.94,11/2/2023,Furniture,0,California,C0027
P0087,305.25,41,12515.25,4/21/2023,Food,15,Florida,C0196
P0026,246.11,74,18212.14,11/1/2023,Electronics,10,Illinois,C0232
P0054,150.12,,14111.28,11/4/2023,Accessories,20,New York,C0222
P0068,231.78,39,9039.42,12/9/2023,Food,,California,C0100
P0002,84.74,39,3304.86,12/10/2023,Accessories,5,Illinois,C0030
P0076,201.35,6,1208.1,12/25/2023,Furniture,0,Texas,C0217
P0051,285.82,24,6859.68,2/12/2023,Clothing,15,Florida,C0062
P0027,225.53,81,18267.93,11/26/2023,Accessories,0,Illinois,C0135
P0027,202.37,91,18415.67,4/14/2023,Electronics,20,California,C0296
P0041,255.68,,15852.16,2/12/2023,Accessories,20,Texas,C0032
P0026,,85,38360.5,8/26/2023,Food,20,New York,C0269
P0080,345.41,32,11053.12,2/23/2023,Clothing,15,Illinois,C0184
P0015,220.46,40,8818.4,11/5/2023,Furniture,5,Texas,C0074
P0015,222.22,91,20222.02,4/8/2023,Furniture,15,Florida,C0192
P0057,469.56,24,11269.44,7/18/2023,,0,California,C0225
P0036,99.97,8,799.76,8/8/2023,Clothing,20,Florida,C0221
P0013,196.64,100,19664,1/8/2023,,15,California,C0089
P0014,282.8,34,9615.2,10/15/2023,Furniture,20,New York,C0237
P0061,153.47,83,12738.01,7/16/2023,Accessories,10,New York,C0029
P0016,143.58,21,3015.18,1/1/2023,Accessories,15,New York,C0286
P0071,303.7,33,10022.1,2/28/2023,Accessories,5,Florida,C0136
P0081,444.38,87,38661.06,1/16/2023,Electronics,5,Illinois,C0102
P0059,356.69,37,13197.53,5/10/2023,Clothing,20,Texas,C0205
P0077,15.6,70,1092,6/22/2023,Electronics,0,Texas,C0107
P0092,121.45,52,6315.4,1/9/2023,Furniture,0,New York,C0047
P0016,254.76,42,10699.92,9/2/2023,Clothing,20,New York,C0241
P0087,,62,9954.1,10/1/2023,Furniture,0,Illinois,C0261
P0016,318.66,52,16570.32,9/13/2023,Food,20,California,C0092
P0015,194.12,15,2911.8,2/11/2023,Furniture,0,California,C0219
P0018,128.66,76,9778.16,11/25/2023,Accessories,10,California,C0034
P0091,353.15,7,2472.05,11/10/2023,Electronics,15,Illinois,C0242
P0099,287.9,11,3166.9,3/14/2023,Clothing,5,New York,C0116
P0077,183.78,28,5145.84,7/9/2023,Furniture,0,New York,C0113
P0089,6.99,88,615.12,10/12/2023,Clothing,0,Texas,C0053
P0014,294.94,56,16516.64,12/12/2023,Furniture,0,Texas,C0234
P0072,422.64,26,10988.64,11/4/2023,Clothing,5,Illinois,C0100
P0005,399.99,25,9999.75,3/26/2023,Accessories,15,Florida,C0123
P0075,80.02,52,4161.04,4/7/2023,Accessories,0,New York,C0121
P0073,321.19,20,6423.8,1/16/2023,Food,20,Texas,C0042
P0098,458.28,54,24747.12,9/3/2023,Accessories,20,California,C0296
P0064,84.78,70,5934.6,3/26/2023,Food,10,Illinois,C0094
P0025,159.5,22,3509,6/26/2023,Accessories,20,Illinois,C0294
P0003,140.4,49,6879.6,4/24/2023,Clothing,10,Texas,C0117
P0042,497.35,12,5968.2,7/9/2023,Clothing,0,Florida,C0273
P0067,210.68,13,2738.84,11/25/2023,Furniture,15,Florida,C0241
P0089,496.23,81,40194.63,4/25/2023,Clothing,0,Texas,C0026
P0002,127.74,99,12646.26,4/25/2023,Furniture,20,California,C0053
P0082,392.47,85,33359.95,3/20/2023,Food,15,Florida,C0270
P0069,411.98,2,823.96,8/13/2023,Furniture,20,New York,C0040
P0018,349.6,56,19577.6,9/30/2023,Electronics,20,Texas,C0067
P0038,446.24,73,32575.52,2/27/2023,Electronics,0,Florida,C0171
P0083,392.45,7,2747.15,6/23/2023,Clothing,0,Texas,C0273
P0057,490.63,35,17172.05,4/21/2023,Food,0,New York,C0203
P0056,477.55,87,41546.85,4/29/2023,Electronics,20,Illinois,C0126
P0017,361.84,44,15920.96,2/17/2023,Furniture,20,New York,C0189
P0076,215.99,94,20303.06,4/6/2023,Clothing,15,Florida,C0153
P0058,335.2,23,7709.6,3/4/2023,Clothing,20,Illinois,C0248
P0057,306.05,9,2754.45,4/26/2023,Accessories,10,Texas,C0206
P0057,247.49,60,14849.4,2/4/2023,Furniture,,Illinois,C0138
P0054,312.91,65,20339.15,4/30/2023,Electronics,5,Florida,C0003
P0050,113.9,68,7745.2,10/30/2023,Furniture,10,California,C0289
P0038,477.31,39,18615.09,3/15/2023,Clothing,5,California,C0069
P0012,273.61,52,14227.72,11/26/2023,Clothing,20,Texas,C0175
P0082,7.23,75,542.25,8/8/2023,Accessories,15,California,C0063
P0042,136.92,81,11090.52,6/26/2023,Clothing,5,California,C0129
P0040,189.31,93,17605.83,3/19/2023,Electronics,20,Texas,C0121
P0006,440.31,49,21575.19,3/10/2023,Accessories,10,Texas,C0298
P0080,340.82,22,7498.04,11/14/2023,Furniture,5,Texas,C0194
P0009,57.5,29,1667.5,9/5/2023,Food,,New York,C0271
P0035,63.24,99,6260.76,7/2/2023,Furniture,0,Texas,C0229
P0032,19.89,5,99.45,4/8/2023,Clothing,15,New York,C0217
P0050,118,64,7552,4/21/2023,Electronics,10,Texas,C0112
P0073,9.98,,648.7,11/15/2023,Clothing,10,Florida,C0132
P0019,376.77,10,3767.7,8/2/2023,Furniture,0,Illinois,C0191
P0011,255.92,84,21497.28,12/15/2023,,15,Florida,C0099
P0068,103.92,71,7378.32,4/9/2023,Furniture,10,Illinois,C0208
P0069,243.64,78,19003.92,11/1/2023,Accessories,20,California,C0159
P0052,121.7,80,9736,5/29/2023,Food,15,Illinois,C0288
P0058,177.96,96,17084.16,1/3/2023,Furniture,0,Illinois,C0279
P0095,127.58,65,8292.7,10/9/2023,Clothing,10,California,C0107
P0023,100.35,62,6221.7,11/30/2023,Accessories,10,Texas,C0071
P0058,461.85,53,24478.05,2/7/2023,Furniture,15,Texas,C0125
P0054,347.16,8,2777.28,10/3/2023,Accessories,5,Illinois,C0145
P0085,6.28,98,615.44,7/16/2023,Electronics,0,Illinois,C0187
P0031,171.07,10,1710.7,6/23/2023,Food,20,New York,C0096
P0092,450.07,53,23853.71,6/2/2023,Food,15,California,C0272
P0084,79.07,74,5851.18,1/23/2023,Clothing,0,California,C0089
P0089,424.05,70,29683.5,3/11/2023,Food,20,New York,C0264
P0077,99.41,87,8648.67,11/10/2023,Furniture,,Florida,C0160
P0090,191.06,94,17959.64,2/10/2023,Electronics,20,Texas,C0246
P0047,60.32,6,361.92,12/12/2023,Food,0,New York,C0008
P0011,20.95,86,1801.7,8/1/2023,Electronics,20,New York,C0221
P0094,173.61,14,2430.54,7/15/2023,Furniture,20,Illinois,C0251
P0062,49.47,98,4848.06,4/8/2023,Clothing,20,Illinois,C0022
P0063,191.61,9,1724.49,12/21/2023,Food,15,Florida,C0091
P0045,110.88,60,6652.8,9/24/2023,Furniture,10,California,C0148
P0083,341.42,4,1365.68,4/24/2023,Clothing,10,Illinois,C0114
P0007,370.17,18,6663.06,12/31/2023,Clothing,5,Texas,C0212
P0036,410.26,81,33231.06,7/20/2023,Furniture,15,Texas,C0238
P0001,291.58,29,8455.82,3/14/2023,,,New York,C0189
P0014,378.46,71,26870.66,6/13/2023,Furniture,5,Texas,C0062
P0043,363.89,68,24744.52,3/1/2023,Furniture,15,Florida,C0035
P0018,184.33,75,13824.75,2/1/2023,Accessories,20,New York,C0205
P0061,211.88,87,18433.56,1/25/2023,Accessories,10,Florida,C0030
P0097,303.52,19,5766.88,12/3/2023,Food,5,Illinois,C0063
P0007,79.65,37,2947.05,10/4/2023,Accessories,10,California,C0011
P0041,334.76,36,12051.36,9/14/2023,Furniture,10,California,C0258
P0070,215.08,7,1505.56,11/9/2023,Food,20,New York,C0136
P0023,191.55,67,12833.85,3/26/2023,Furniture,5,New York,C0088
P0024,482.36,74,35694.64,10/13/2023,Food,10,New York,C0216
P0014,112.33,15,1684.95,8/9/2023,Food,10,Florida,C0260
P0093,187.29,68,12735.72,7/26/2023,Clothing,0,Texas,C0266
P0025,464.15,7,3249.05,8/29/2023,Accessories,20,New York,C0285
P0037,458.29,71,32538.59,4/25/2023,Electronics,5,New York,C0008
P0016,352.19,29,10213.51,7/6/2023,Furniture,10,New York,C0047
P0071,314.55,86,27051.3,2/25/2023,Electronics,20,Texas,C0207
P0056,41.21,80,3296.8,9/3/2023,Clothing,20,New York,C0016
P0060,193.33,14,2706.62,7/19/2023,Clothing,,Texas,C0263
P0080,460.83,51,23502.33,11/28/2023,Food,0,California,C0186
P0019,412.14,,27201.24,4/26/2023,Electronics,5,Illinois,C0164
P0052,,6,1771.92,3/6/2023,Clothing,20,California,C0143
P0029,203.82,25,5095.5,5/2/2023,Clothing,10,California,C0080
P0083,416.04,85,35363.4,1/20/2023,Food,15,California,C0158
P0036,76.08,17,1293.36,9/17/2023,Food,15,Florida,C0293
P0062,192.84,54,10413.36,2/5/2023,Food,0,Texas,C0205
P0095,342.6,88,30148.8,5/12/2023,Accessories,0,Texas,C0126
P0017,398.03,54,21493.62,10/12/2023,Furniture,,Texas,C0027
P0083,163.44,14,2288.16,7/6/2023,Furniture,15,Florida,C0189
P0046,86.48,8,691.84,6/6/2023,Clothing,15,Illinois,C0270
P0003,423.05,72,30459.6,10/25/2023,Clothing,5,California,C0133
P0091,107.15,70,7500.5,3/24/2023,Food,20,Illinois,C0239
P0023,285.16,78,22242.48,11/11/2023,Accessories,15,New York,C0281
P0075,174.16,92,16022.72,10/16/2023,Furniture,10,Florida,C0170
P0081,176.34,2,352.68,11/11/2023,Furniture,0,Florida,C0082
P0028,439.15,16,7026.4,9/22/2023,Food,0,Illinois,C0099
P0083,259.09,79,20468.11,1/1/2023,Food,20,California,C0296
P0072,374.88,62,23242.56,7/29/2023,Accessories,10,Texas,C0175
P0080,482.24,49,23629.76,3/30/2023,Furniture,10,Texas,C0162
P0051,400.64,6,2403.84,8/23/2023,Food,5,California,C0289
P0020,433.53,25,10838.25,7/17/2023,Food,0,Illinois,C0231
P0030,439.27,38,16692.26,1/7/2023,Furniture,15,Texas,C0158
P0085,370.86,84,31152.24,3/2/2023,Food,5,New York,C0297
P0079,37.68,38,1431.84,4/10/2023,Food,0,New York,C0060
P0014,487.51,83,40463.33,7/15/2023,Food,5,California,C0148
P0043,326.83,91,29741.53,8/28/2023,Clothing,15,California,C0214
P0040,151.31,,6808.95,11/2/2023,Electronics,10,Illinois,C0065
P0029,448.44,3,1345.32,8/20/2023,Furniture,20,Illinois,C0265
P0098,287.32,15,4309.8,12/1/2023,Accessories,0,California,C0027
P0021,48.22,9,433.98,5/24/2023,Electronics,20,Florida,C0097
P0057,192.52,16,3080.32,12/6/2023,Clothing,5,New York,C0172
P0008,446.3,71,31687.3,12/6/2023,Accessories,,New York,C0025
P0014,436.82,36,15725.52,10/27/2023,Electronics,10,California,C0025
P0069,237.87,51,12131.37,4/16/2023,Accessories,20,Texas,C0209
P0057,168.21,54,9083.34,4/7/2023,Clothing,20,Illinois,C0144
P0015,119.82,2,239.64,1/22/2023,Clothing,10,Texas,C0007
P0067,61.26,98,6003.48,1/26/2023,Furniture,20,California,C0177
P0011,292.02,,876.06,8/3/2023,Accessories,10,Illinois,C0125
P0075,321.98,49,15777.02,4/13/2023,Food,15,Texas,C0252
P0030,488.31,,10742.82,11/16/2023,Food,20,California,C0056
P0009,459.24,63,28932.12,4/10/2023,Food,10,New York,C0161
P0038,364.2,63,22944.6,7/19/2023,Electronics,0,Illinois,C0225
P0054,396.53,66,26170.98,12/15/2023,Clothing,0,Illinois,C0221
P0082,72.33,88,6365.04,2/16/2023,Food,15,Florida,C0002
P0071,,19,1298.08,4/5/2023,Food,15,New York,C0084
P0007,221.82,20,4436.4,9/5/2023,Furniture,15,Illinois,C0189
P0045,75.57,63,4760.91,9/7/2023,Electronics,10,Illinois,C0090
P0058,348.61,21,7320.81,7/24/2023,Food,15,New York,C0223
P0056,120.94,8,967.52,7/10/2023,Accessories,10,Texas,C0267
P0057,485.04,82,39773.28,11/28/2023,Food,0,California,C0018
P0078,22.81,82,1870.42,2/23/2023,Electronics,5,California,C0300
P0082,413,63,26019,2/11/2023,Accessories,,California,C0278
P0063,216.44,24,5194.56,8/19/2023,,,Texas,C0175
P0046,394.11,53,20887.83,1/4/2023,Food,20,Texas,C0087
P0077,184.44,17,3135.48,10/5/2023,Food,10,Texas,C0064
P0076,19.47,76,1479.72,10/20/2023,Accessories,5,Illinois,C0075
P0056,98.2,36,3535.2,9/21/2023,Furniture,0,California,C0195
P0078,42.18,50,2109,7/13/2023,Food,15,Texas,C0038
P0093,343.68,93,31962.24,9/16/2023,Food,10,Illinois,C0174
P0041,180.27,59,10635.93,8/5/2023,Clothing,0,New York,C0165
P0078,43.49,60,2609.4,2/18/2023,,20,Texas,C0294
P0038,422.92,49,20723.08,9/22/2023,Food,10,New York,C0116
P0031,88.35,30,2650.5,10/9/2023,Accessories,15,Illinois,C0296
P0005,122.74,44,5400.56,11/17/2023,Electronics,20,New York,C0182
P0020,247.27,31,7665.37,9/7/2023,Furniture,0,Florida,C0167
P0031,332.82,58,19303.56,6/28/2023,Accessories,15,Illinois,C0234
P0091,,45,329.4,8/28/2023,Electronics,20,Illinois,C0083
P0092,163.45,6,980.7,1/8/2023,Accessories,15,Texas,C0086
P0050,386.4,26,10046.4,5/29/2023,Food,20,California,C0142
P0059,378.72,43,16284.96,5/3/2023,Furniture,20,Illinois,C0124
P0078,43.95,62,2724.9,9/1/2023,,5,Texas,C0065
P0053,286.07,69,19738.83,5/19/2023,,5,Illinois,C0059
P0051,7.72,35,270.2,9/21/2023,Food,15,Illinois,C0078
P0014,313.93,25,7848.25,9/30/2023,Clothing,15,Illinois,C0085
P0084,62.97,63,3967.11,7/23/2023,Clothing,10,Illinois,C0008
P0013,427.16,40,17086.4,7/16/2023,Clothing,10,California,C0150
P0050,128,75,9600,11/15/2023,Furniture,,Texas,C0263
P0085,18.81,94,1768.14,8/8/2023,Clothing,5,California,C0281
P0045,424.93,72,30594.96,4/9/2023,Accessories,15,California,C0097
P0042,120.53,42,5062.26,7/1/2023,Accessories,20,Florida,C0144
P0077,220.7,2,441.4,8/26/2023,Furniture,10,California,C0293
P0090,358.43,19,6810.17,5/5/2023,Furniture,15,Florida,C0243
P0041,418.11,40,16724.4,3/11/2023,Clothing,15,Florida,C0060
P0078,,66,25300.44,9/9/2023,Accessories,0,Illinois,C0042
P0006,281.74,86,24229.64,4/23/2023,Clothing,15,California,C0137
P0014,94.42,73,6892.66,2/23/2023,Food,5,California,C0056
P0051,178.2,2,356.4,6/2/2023,Accessories,0,Illinois,C0274
P0037,306,45,13770,1/8/2023,Food,10,Florida,C0245
P0053,,99,29530.71,10/9/2023,Furniture,0,New York,C0129
P0030,56.52,88,4973.76,10/10/2023,Accessories,10,Florida,C0028
P0081,237.54,9,2137.86,12/23/2023,Furniture,5,Texas,C0253
P0085,129.02,39,5031.78,1/1/2023,Accessories,20,Texas,C0055
P0068,9.68,11,106.48,8/29/2023,Electronics,15,Florida,C0263
P0009,93.23,11,1025.53,3/19/2023,Furniture,5,Illinois,C0152
P0096,297.45,87,25878.15,10/13/2023,Electronics,10,Florida,C0078
P0033,64.81,83,5379.23,3/7/2023,Furniture,0,California,C0233
P0020,59.55,29,1726.95,3/30/2023,Electronics,15,Illinois,C0169
P0003,221.85,35,7764.75,9/11/2023,Clothing,20,New York,C0005
P0067,379.64,91,34547.24,9/14/2023,,20,Illinois,C0013
P0012,,27,11535.48,1/18/2023,Furniture,10,New York,C0097
P0077,437.95,42,18393.9,8/7/2023,,15,Florida,C0124
P0056,392.06,28,10977.68,6/15/2023,Clothing,5,California,C0026
P0025,460.26,7,3221.82,5/25/2023,Clothing,15,Illinois,C0008
P0024,295.94,59,17460.46,4/16/2023,Electronics,5,New York,C0128
P0028,313.66,95,29797.7,4/7/2023,Furniture,20,Florida,C0143
P0030,358.03,27,9666.81,6/3/2023,Food,10,New York,C0237
P0024,59.3,2,118.6,7/12/2023,Accessories,10,Texas,C0228
P0061,395.03,29,11455.87,5/12/2023,Accessories,20,Texas,C0021
P0070,,,5330.22,7/25/2023,Furniture,0,Illinois,C0125
P0059,214.64,40,8585.6,11/3/2023,Clothing,0,New York,C0213
P0015,214.72,13,2791.36,1/3/2023,Food,20,Illinois,C0258
P0023,25.11,15,376.65,9/11/2023,Furniture,10,Illinois,C0076
P0073,94.4,71,6702.4,8/29/2023,Accessories,5,New York,C0064
P0049,317.24,57,18082.68,6/29/2023,Furniture,10,Florida,C0234
P0027,136.07,34,4626.38,3/1/2023,Furniture,15,New York,C0205
P0023,429.1,34,14589.4,1/6/2023,Electronics,20,California,C0132
P0053,249.86,64,15991.04,5/31/2023,Furniture,10,Illinois,C0024
P0001,265.24,69,18301.56,3/30/2023,Food,10,Illinois,C0093
P0083,6.46,87,562.02,5/1/2023,Accessories,20,Florida,C0031
P0015,,30,2710.5,10/30/2023,Clothing,20,Texas,C0189
P0062,405.28,59,23911.52,8/14/2023,,10,Texas,C0213
P0066,374.52,89,33332.28,3/6/2023,Furniture,20,California,C0048
P0072,468.58,92,43109.36,5/24/2023,Accessories,15,California,C0107
P0040,234.81,70,16436.7,1/17/2023,Electronics,15,Illinois,C0237
P0046,172.18,50,8609,1/31/2023,Food,0,New York,C0129
P0089,311.76,36,11223.36,4/10/2023,Electronics,20,New York,C0114
P0006,257.96,,13671.88,1/12/2023,Clothing,15,Texas,C0041
P0065,496.54,88,43695.52,10/30/2023,Food,10,Florida,C0043
P0091,123.88,8,991.04,7/30/2023,Food,15,Florida,C0021
P0021,490.12,59,28917.08,11/25/2023,Furniture,0,New York,C0166
P0056,169.42,13,2202.46,4/28/2023,Accessories,20,New York,C0080
P0006,,80,22028,7/2/2023,Electronics,,Florida,C0156
P0004,205.16,74,15181.84,3/27/2023,Clothing,5,Texas,C0079
P0007,218.91,61,13353.51,7/13/2023,Furniture,10,Florida,C0016
P0029,187.01,28,5236.28,11/28/2023,Accessories,0,California,C0154
P0016,497.06,42,20876.52,9/24/2023,Accessories,20,California,C0224
P0012,495.91,99,49095.09,11/8/2023,Clothing,0,Texas,C0093
P0025,315.1,32,10083.2,6/2/2023,Accessories,20,Illinois,C0213
P0007,378.68,43,16283.24,1/1/2024,Furniture,15,Illinois,C0107
P0064,15.34,87,1334.58,3/13/2023,Furniture,20,Texas,C0289
P0009,366.66,5,1833.3,10/17/2023,Accessories,20,Texas,C0183
P0024,111.47,89,9920.83,4/8/2023,Electronics,20,Illinois,C0237
P0072,312.82,89,27840.98,4/19/2023,Food,5,Texas,C0242
P0044,,12,2128.92,3/28/2023,Accessories,15,Florida,C0116
P0094,130.66,63,8231.58,11/19/2023,Furniture,0,New York,C0107
P0062,50.09,22,1101.98,9/18/2023,Electronics,0,Illinois,C0104
P0009,355.05,2,710.1,10/9/2023,Furniture,5,Illinois,C0218
P0005,181.99,71,12921.29,8/12/2023,Furniture,,Florida,C0273
P0052,490.21,6,2941.26,7/26/2023,Furniture,15,Florida,C0194
P0020,159.14,13,2068.82,1/8/2023,Food,20,Texas,C0258
P0099,456.88,42,19188.96,6/3/2023,Accessories,10,New York,C0264
P0015,214.24,68,14568.32,1/14/2023,Electronics,15,California,C0162
P0048,460.2,42,19328.4,1/3/2023,Furniture,15,California,C0188
P0066,349.04,7,2443.28,10/16/2023,Clothing,20,New York,C0222
P0052,11.68,56,654.08,4/24/2023,Electronics,10,New York,C0058
P0003,64.14,20,1282.8,6/11/2023,Electronics,10,California,C0221
P0066,353.47,57,20147.79,7/6/2023,Food,10,Florida,C0165
P0018,166.18,3,498.54,3/29/2023,Electronics,5,New York,C0173
P0074,320.95,79,25355.05,9/13/2023,Food,5,California,C0168
P0045,74.65,65,4852.25,11/20/2023,Electronics,20,New York,C0191
P0083,44.89,66,2962.74,9/29/2023,,10,California,C0041
P0046,25.52,80,2041.6,4/6/2023,Clothing,5,New York,C0272
P0048,40.77,50,2038.5,5/18/2023,Accessories,20,Florida,C0264
P0012,262.38,99,25975.62,5/24/2023,Furniture,10,Texas,C0078
P0033,98.88,65,6427.2,7/10/2023,Furniture,15,Texas,C0280
P0058,236.02,66,15577.32,12/7/2023,Food,15,Florida,C0116
P0003,317.41,14,4443.74,7/22/2023,Food,5,Illinois,C0138
P0033,452.98,11,4982.78,3/25/2023,,5,Texas,C0177
P0003,387.04,24,9288.96,12/19/2023,,0,Illinois,C0256
P0079,393.24,68,26740.32,8/13/2023,Clothing,15,Illinois,C0290
P0016,152.66,56,8548.96,10/29/2023,Electronics,10,Florida,C0136
P0042,105.96,62,6569.52,6/26/2023,Furniture,20,New York,C0256
P0065,328.01,39,12792.39,3/4/2023,Accessories,10,Florida,C0190
P0082,152.25,89,13550.25,5/24/2023,Electronics,5,Florida,C0082
P0048,92.26,17,1568.42,4/24/2023,Clothing,10,Florida,C0256
P0040,25.07,11,275.77,9/25/2023,Furniture,5,Florida,C0029
P0030,262.5,74,19425,7/8/2023,Food,15,Illinois,C0282
P0066,306.26,51,15619.26,12/23/2023,Electronics,10,Florida,C0288
P0055,372.85,5,1864.25,10/26/2023,Furniture,20,Texas,C0259
P0032,144.66,98,14176.68,10/18/2023,Accessories,20,Florida,C0258
P0075,151.74,97,14718.78,12/9/2023,Food,,Texas,C0286
P0052,375.67,92,34561.64,8/2/2023,Electronics,0,Florida,C0233
P0079,32.65,60,1959,4/6/2023,Furniture,0,Florida,C0247
P0077,121.26,55,6669.3,1/14/2023,Clothing,10,Florida,C0062
P0095,82.2,3,246.6,8/6/2023,Electronics,20,Florida,C0289
P0039,77.22,69,5328.18,8/22/2023,Furniture,0,California,C0139
P0003,447.51,89,39828.39,8/25/2023,Electronics,0,Florida,C0294
P0099,125.38,94,11785.72,11/29/2023,Clothing,10,California,C0081
P0016,24.98,67,1673.66,7/4/2023,Electronics,5,New York,C0118
P0048,266.99,32,8543.68,5/11/2023,Accessories,5,New York,C0063
P0100,375.52,55,20653.6,12/31/2023,Food,20,New York,C0241
P0065,135.61,29,3932.69,11/22/2023,Clothing,20,New York,C0079
P0028,352.79,54,19050.66,5/3/2023,,20,Illinois,C0062
P0087,,21,1693.02,11/23/2023,Accessories,5,California,C0199
P0021,279.78,45,12590.1,10/30/2023,Food,5,New York,C0168
P0047,497.3,45,22378.5,10/10/2023,Furniture,0,Florida,C0080
P0018,415.13,28,11623.64,10/19/2023,Accessories,0,Florida,C0059
P0096,496.52,96,47665.92,1/30/2023,Clothing,0,New York,C0082
P0062,153.15,26,3981.9,12/18/2023,Food,15,Florida,C0108
P0095,102.95,43,4426.85,8/20/2023,Furniture,0,New York,C0288
P0015,362.62,73,26471.26,8/27/2023,Electronics,5,Texas,C0061
P0091,146.97,32,4703.04,12/10/2023,Clothing,10,California,C0055
P0098,,36,2888.28,7/6/2023,Food,20,California,C0094
P0045,321.21,99,31799.79,12/31/2023,Food,10,Texas,C0228
P0059,467.87,85,39768.95,9/30/2023,Furniture,15,Illinois,C0029
P0023,263.74,1,263.74,5/10/2023,Accessories,15,Illinois,C0209
P0040,194.06,96,18629.76,4/12/2023,Furniture,10,Florida,C0290
P0013,137.78,58,7991.24,9/7/2023,Electronics,0,Texas,C0187
P0089,34.97,56,1958.32,9/4/2023,Clothing,15,New York,C0036
P0054,352.63,,14457.83,5/18/2023,Accessories,15,California,C0029
P0041,92.71,34,3152.14,1/28/2023,Electronics,0,Illinois,C0054
P0087,405.63,80,32450.4,8/1/2023,Clothing,0,Illinois,C0262
P0015,12.19,64,780.16,3/31/2023,Furniture,0,Illinois,C0205
P0053,318.95,40,12758,2/3/2023,Accessories,5,California,C0030
P0025,415.02,84,34861.68,2/1/2023,Electronics,15,California,C0296
P0088,488,57,27816,6/10/2023,Electronics,0,New York,C0286
P0004,255.47,23,5875.81,4/25/2023,Electronics,5,New York,C0125
P0031,34.01,78,2652.78,12/6/2023,Food,10,California,C0221
P0079,353.52,34,12019.68,1/12/2023,Electronics,5,Illinois,C0096
P0095,376.8,65,24492,4/4/2023,Electronics,20,Illinois,C0132
P0095,198.76,12,2385.12,1/31/2023,Electronics,15,New York,C0047
P0060,426.27,32,13640.64,8/19/2023,Furniture,0,New York,C0272
P0088,430.26,76,32699.76,10/20/2023,Electronics,5,New York,C0107
P0084,20.71,68,1408.28,9/10/2023,Clothing,10,New York,C0009
P0019,464.87,,13481.23,2/18/2023,Food,20,Florida,C0087
P0099,127.79,35,4472.65,11/28/2023,Accessories,20,Florida,C0026
P0062,348.81,11,3836.91,7/31/2023,Clothing,0,Illinois,C0241
P0066,473.99,14,6635.86,4/15/2023,Electronics,0,California,C0217
P0017,96,73,7008,11/24/2023,Electronics,20,Texas,C0236
P0069,204.21,47,9597.87,8/15/2023,Accessories,20,New York,C0298
P0018,225.83,17,3839.11,12/13/2023,Clothing,5,New York,C0271
P0016,160.74,81,13019.94,1/10/2023,Furniture,5,New York,C0253
P0040,389.84,33,12864.72,8/29/2023,Clothing,15,Texas,C0237
P0070,474.72,85,40351.2,4/26/2023,Furniture,15,New York,C0168
P0044,293.56,34,9981.04,4/29/2023,Food,0,Texas,C0284
P0091,464.84,,35327.84,8/30/2023,Clothing,5,Texas,C0086
P0078,337.02,72,24265.44,7/20/2023,Furniture,20,Texas,C0185
P0063,,72,17249.76,12/6/2023,Electronics,10,Texas,C0251
P0040,253,37,9361,5/1/2023,,10,Texas,C0006
P0041,317.29,7,2221.03,8/18/2023,Electronics,10,California,C0075
P0063,57.04,41,2338.64,12/11/2023,,10,Texas,C0095
P0070,239.19,40,9567.6,9/17/2023,Accessories,20,California,C0155
P0080,97.86,,6556.62,8/24/2023,Food,0,Illinois,C0274
P0002,446.32,61,27225.52,2/27/2023,Furniture,15,Florida,C0074
P0045,324.09,33,10694.97,10/10/2023,Food,0,Florida,C0092
P0093,413.17,80,33053.6,11/15/2023,Food,5,California,C0078
P0068,126.17,39,4920.63,9/6/2023,Clothing,5,Florida,C0236
P0091,369.78,55,20337.9,7/18/2023,Clothing,5,Texas,C0032
P0043,395.57,22,8702.54,10/4/2023,Food,15,Florida,C0065
P0090,127.08,83,10547.64,6/1/2023,,15,Illinois,C0009
P0067,,75,8582.25,5/4/2023,Furniture,15,California,C0168
P0067,452.62,81,36662.22,9/9/2023,,0,New York,C0297
P0057,,61,8500.96,2/19/2023,Furniture,20,Illinois,C0176
P0073,163.44,25,4086,3/28/2023,Electronics,15,Florida,C0112
P0091,496.67,29,14403.43,3/7/2023,Clothing,5,California,C0050
P0070,82.44,76,6265.44,12/8/2023,Food,5,Texas,C0229
P0043,36.4,77,2802.8,5/4/2023,Food,20,Illinois,C0179
P0006,124.32,47,5843.04,11/30/2023,Clothing,5,Illinois,C0093
P0063,490.06,46,22542.76,3/5/2023,Food,20,Illinois,C0136
P0054,280.7,65,18245.5,11/12/2023,Clothing,10,Illinois,C0032
P0077,485.96,77,37418.92,5/18/2023,Furniture,15,California,C0066
P0023,186.86,,9903.58,2/3/2023,Clothing,20,Florida,C0250
P0012,486.93,6,2921.58,8/22/2023,Accessories,5,Illinois,C0061
P0037,142.58,67,9552.86,5/21/2023,Accessories,15,Texas,C0290
P0008,236.21,71,16770.91,2/14/2023,Accessories,0,Texas,C0276
P0018,210.88,79,16659.52,9/1/2023,Clothing,5,Texas,C0137
P0081,346.94,91,31571.54,7/8/2023,Accessories,,California,C0252
P0019,147.58,60,8854.8,5/13/2023,Clothing,10,Florida,C0265
P0022,486.75,31,15089.25,12/14/2023,Clothing,10,California,C0033
P0099,226.66,88,19946.08,5/2/2023,Electronics,10,Texas,C0089
P0011,432.29,60,25937.4,7/15/2023,Clothing,15,Florida,C0114
P0068,,51,19935.9,6/24/2023,Clothing,20,California,C0151
P0074,498.51,11,5483.61,10/11/2023,Furniture,10,Florida,C0156
P0017,498.34,52,25913.68,6/29/2023,Food,,Illinois,C0125
P0035,214.68,20,4293.6,9/5/2023,Food,,California,C0216
P0068,,88,7256.48,11/25/2023,Accessories,10,New York,C0089
P0038,312.28,39,12178.92,5/12/2023,Accessories,10,New York,C0128
P0059,27.15,91,2470.65,11/19/2023,Electronics,10,Illinois,C0240
P0012,320.85,30,9625.5,8/10/2023,Furniture,5,Texas,C0192
P0062,205.69,74,15221.06,7/13/2023,Clothing,0,Texas,C0055
P0085,213.57,63,13454.91,8/11/2023,Accessories,5,Texas,C0079
P0037,386.03,26,10036.78,2/27/2023,Electronics,5,Texas,C0045
P0003,297.37,25,7434.25,9/25/2023,Food,5,California,C0219
P0057,436.43,34,14838.62,10/3/2023,Clothing,15,New York,C0272
P0014,,73,11178.49,8/18/2023,Clothing,5,Illinois,C0101
P0028,292.73,96,28102.08,6/5/2023,Electronics,20,Florida,C0221
P0037,409.02,55,22496.1,12/23/2023,Accessories,0,Florida,C0190
P0082,,67,23106.29,4/21/2023,Accessories,,New York,C0120
P0056,110.67,85,9406.95,6/20/2023,Clothing,5,Texas,C0043
P0065,462.04,22,10164.88,5/23/2023,Clothing,15,Florida,C0061
P0003,336.49,11,3701.39,11/11/2023,Clothing,20,Florida,C0058
P0068,270.61,89,24084.29,7/23/2023,Food,0,Florida,C0145
P0004,267.56,28,7491.68,1/7/2023,Electronics,5,Florida,C0287
P0096,61.68,16,986.88,12/3/2023,Food,20,Illinois,C0013
P0040,241.27,31,7479.37,1/6/2023,Clothing,20,Texas,C0217
P0027,491.57,40,19662.8,11/3/2023,Accessories,5,New York,C0140
P0022,49.62,76,3771.12,3/20/2023,Food,,New York,C0230
P0075,16.61,16,265.76,1/27/2023,Food,15,Texas,C0231
P0030,453.77,97,44015.69,12/19/2023,Electronics,15,California,C0155
P0056,,79,1138.39,4/2/2023,Furniture,5,Florida,C0208
P0016,350.58,51,17879.58,9/13/2023,Furniture,0,Texas,C0231
P0032,459.35,30,13780.5,12/6/2023,Furniture,15,Illinois,C0033
P0068,44.51,28,1246.28,12/24/2023,Food,20,California,C0169
P0032,208.58,45,9386.1,11/7/2023,Furniture,20,Florida,C0158
P0034,476.39,4,1905.56,11/16/2023,Accessories,15,New York,C0283
P0010,149.93,67,10045.31,8/4/2023,Clothing,5,California,C0113
P0031,343.33,1,343.33,1/7/2023,Clothing,10,California,C0162
P0012,381.61,4,1526.44,7/25/2023,Electronics,0,New York,C0039
P0065,226.54,73,16537.42,9/11/2023,Food,10,Florida,C0075
P0029,319.41,,4791.15,10/8/2023,Accessories,20,Florida,C0017
P0058,133.93,88,11785.84,5/13/2023,Food,0,New York,C0220
P0033,59.58,56,3336.48,1/17/2023,Clothing,15,Texas,C0210
P0020,283.51,35,9922.85,9/29/2023,Electronics,20,Texas,C0277
P0066,76.04,34,2585.36,6/25/2023,Furniture,10,Texas,C0240
P0006,360.52,,8291.96,6/26/2023,Food,15,California,C0173
P0089,326.76,98,32022.48,3/23/2023,Accessories,5,Illinois,C0045
P0022,487.93,22,10734.46,1/10/2023,Clothing,5,New York,C0050
P0085,282.81,33,9332.73,11/11/2023,Food,10,California,C0190
P0036,367.04,68,24958.72,8/12/2023,Furniture,20,California,C0090
P0059,83.46,33,2754.18,9/23/2023,Electronics,10,Florida,C0030
P0018,395.17,22,8693.74,8/24/2023,Food,0,Florida,C0295
P0029,386.86,70,27080.2,12/21/2023,Clothing,15,California,C0080
P0078,151.61,90,13644.9,9/5/2023,Food,10,California,C0171
P0072,360.95,,27432.2,7/2/2023,Clothing,20,California,C0132
P0021,414.23,40,16569.2,2/5/2023,Electronics,0,New York,C0160
P0064,26.28,46,1208.88,6/1/2023,Accessories,20,New York,C0048
P0034,488.2,100,48820,7/8/2023,Furniture,0,Florida,C0163
P0007,307.15,41,12593.15,10/2/2023,Clothing,20,Illinois,C0085
P0083,431.12,78,33627.36,1/9/2023,Clothing,20,Illinois,C0201
P0075,404.41,27,10919.07,9/2/2023,Electronics,15,California,C0146
P0090,413.52,71,29359.92,2/14/2023,Electronics,5,New York,C0140
P0010,244.81,57,13954.17,9/12/2023,Clothing,20,Texas,C0179
P0072,174.31,29,5054.99,2/5/2023,Furniture,10,California,C0186
P0002,139.08,81,11265.48,1/13/2023,Accessories,0,Illinois,C0196
P0062,308.36,15,4625.4,10/1/2023,Furniture,10,Florida,C0128
P0088,37.24,29,1079.96,9/19/2023,Electronics,20,Illinois,C0119
P0057,324.21,74,23991.54,8/11/2023,Accessories,0,Illinois,C0274
P0036,234.33,36,8435.88,10/28/2023,Accessories,0,Illinois,C0074
P0020,323.91,39,12632.49,3/2/2023,,20,New York,C0139
P0070,,20,9940,8/17/2023,Clothing,5,Illinois,C0163
P0099,367.58,90,33082.2,12/24/2023,Furniture,15,California,C0214
P0057,276.48,71,19630.08,7/9/2023,Food,20,Illinois,C0053
P0091,193.99,65,12609.35,4/2/2023,Accessories,20,Illinois,C0206
P0025,435.42,51,22206.42,7/19/2023,Accessories,0,Texas,C0131
P0084,402.73,52,20941.96,2/21/2023,Food,10,New York,C0043
P0037,26.35,83,2187.05,4/23/2023,,0,California,C0065
P0098,171.75,18,3091.5,9/9/2023,Food,15,Florida,C0244
P0009,457.14,75,34285.5,4/22/2023,Clothing,15,New York,C0066
P0043,388.85,40,15554,9/11/2023,Electronics,20,California,C0058
P0075,62.73,55,3450.15,5/15/2023,Accessories,10,Illinois,C0076
P0019,327.96,46,15086.16,12/17/2023,Furniture,20,Texas,C0228
P0076,474.34,90,42690.6,2/19/2023,Electronics,15,Florida,C0145
P0041,495.06,42,20792.52,6/13/2023,Clothing,15,California,C0256
P0083,47.74,23,1098.02,11/16/2023,Food,20,New York,C0175
P0009,486.46,17,8269.82,11/13/2023,Food,5,California,C0281
P0054,253.05,38,9615.9,9/10/2023,Clothing,20,Florida,C0024
P0003,189.97,20,3799.4,12/24/2023,Electronics,10,California,C0070
P0024,234.07,84,19661.88,2/4/2023,Accessories,5,New York,C0012
P0045,210.65,95,20011.75,8/14/2023,Food,5,Texas,C0066
P0072,411.03,12,4932.36,12/26/2023,Furniture,10,New York,C0202
P0053,10.89,85,925.65,7/10/2023,Electronics,10,Illinois,C0088
P0071,227.11,65,14762.15,5/17/2023,Clothing,15,Illinois,C0218
P0078,115.19,1,115.19,6/5/2023,Food,5,Illinois,C0002
P0097,388.96,81,31505.76,3/12/2023,,5,Illinois,C0016
P0089,314.06,79,24810.74,3/16/2023,Clothing,0,Florida,C0128
P0021,411.42,11,4525.62,11/28/2023,Furniture,5,Texas,C0140
P0053,452.87,69,31248.03,11/8/2023,Food,15,Texas,C0064
P0089,22.43,54,1211.22,10/25/2023,Food,10,California,C0143
P0048,426.24,57,24295.68,5/24/2023,Furniture,,Illinois,C0192
P0078,123.48,92,11360.16,1/9/2023,Electronics,20,Illinois,C0215
P0037,41,6,246,1/8/2023,Furniture,10,New York,C0057
P0037,,88,10324.16,11/10/2023,Furniture,0,Texas,C0217
P0053,100.21,21,2104.41,4/15/2023,Electronics,5,Illinois,C0148
P0038,382.99,78,29873.22,1/26/2023,Food,0,Texas,C0154
P0006,184.9,55,10169.5,1/9/2023,Electronics,10,California,C0259
P0058,104.68,58,6071.44,9/14/2023,Furniture,,California,C0183
P0089,375.69,41,15403.29,6/2/2023,Furniture,20,Florida,C0163
P0051,422.86,,5074.32,4/11/2023,Accessories,20,Florida,C0011
P0007,486,74,35964,6/7/2023,,20,New York,C0082
P0072,383.72,54,20720.88,11/20/2023,Food,,Florida,C0029
P0044,82.07,25,2051.75,1/26/2023,Electronics,5,New York,C0156
P0020,342.84,14,4799.76,3/15/2023,Clothing,5,Florida,C0113
P0055,240.26,40,9610.4,11/23/2023,Food,5,Illinois,C0216
P0093,309.32,53,16393.96,7/15/2023,,20,Texas,C0122
P0034,134.85,8,1078.8,3/13/2023,Food,20,Florida,C0210
P0041,,70,11431.7,2/18/2023,Furniture,0,California,C0029
P0009,147.98,88,13022.24,4/23/2023,Food,5,Illinois,C0004
P0019,142.18,63,8957.34,12/9/2023,Food,5,New York,C0289
P0009,447.56,,7608.52,4/13/2023,Accessories,15,California,C0152
P0037,250.7,55,13788.5,2/27/2023,Accessories,15,Texas,C0225
P0017,95.97,30,2879.1,3/27/2023,Food,20,Illinois,C0270
P0076,141.03,68,9590.04,6/22/2023,Electronics,15,California,C0072
P0091,459.52,50,22976,1/28/2023,Furniture,10,Texas,C0120
P0097,475.37,79,37554.23,9/6/2023,Clothing,10,Illinois,C0049
P0016,,7,1058.47,7/3/2023,Electronics,5,Illinois,C0009
P0012,467.65,95,44426.75,11/25/2023,Electronics,0,Florida,C0073
P0054,414.46,91,37715.86,10/25/2023,Clothing,0,California,C0253
P0005,446.51,81,36167.31,10/3/2023,Accessories,15,Texas,C0224
P0032,214.2,20,4284,4/6/2023,Food,10,New York,C0247
P0076,27.15,36,977.4,12/18/2023,Furniture,10,Florida,C0015
P0047,155.66,46,7160.36,5/3/2023,Accessories,10,Illinois,C0161
P0026,434.58,88,38243.04,12/22/2023,Furniture,5,California,C0210
P0029,218.4,84,18345.6,7/3/2023,Food,10,New York,C0293
P0089,380.36,58,22060.88,8/27/2023,Electronics,0,New York,C0284
P0095,483.95,74,35812.3,12/30/2023,Electronics,15,Florida,C0271
P0089,303.81,92,27950.52,6/9/2023,Electronics,5,Florida,C0100
P0037,211.52,50,10576,1/7/2023,Food,20,New York,C0246
P0064,483.74,18,8707.32,1/30/2023,Food,15,New York,C0143
P0092,338.56,47,15912.32,10/20/2023,Accessories,5,Florida,C0205
P0047,269.58,16,4313.28,11/12/2023,Food,10,Texas,C0010
P0063,203.66,18,3665.88,2/12/2023,Electronics,5,New York,C0111
P0017,396.05,57,22574.85,11/11/2023,,20,California,C0237
P0029,400,12,4800,2/25/2023,Electronics,20,Florida,C0061
P0048,8.86,86,761.96,7/14/2023,Food,0,New York,C0250
P0051,203.18,64,13003.52,11/1/2023,Accessories,10,California,C0161
P0065,231.37,86,19897.82,5/3/2023,Furniture,10,California,C0279
P0076,241.58,85,20534.3,12/3/2023,Accessories,0,Texas,C0236
P0057,389.71,8,3117.68,11/17/2023,Electronics,15,New York,C0012
P0054,475.84,62,29502.08,11/25/2023,Electronics,0,Illinois,C0206
P0078,420.03,90,37802.7,5/6/2023,Accessories,0,Texas,C0221
P0008,353.6,65,22984,4/29/2023,Food,5,Florida,C0119
P0014,316,67,21172,12/18/2023,Furniture,20,California,C0003
P0090,,21,289.59,5/21/2023,Furniture,0,Illinois,C0147
P0096,158.89,86,13664.54,4/28/2023,Food,15,Texas,C0002
P0086,480.16,8,3841.28,9/4/2023,Furniture,0,Florida,C0180
P0053,306.27,54,16538.58,2/18/2023,Food,0,Illinois,C0255
P0087,70.02,96,6721.92,1/4/2023,Furniture,10,Illinois,C0155
P0004,401.48,20,8029.6,1/25/2023,Food,20,California,C0037
P0037,48.39,46,2225.94,4/17/2023,,10,Texas,C0258
P0089,110.17,46,5067.82,9/5/2023,Food,5,New York,C0277
P0025,297.52,74,22016.48,4/26/2023,Accessories,10,New York,C0132
P0054,152.8,93,14210.4,2/21/2023,Furniture,5,California,C0107
P0034,265.53,96,25490.88,2/9/2023,Food,10,California,C0281
P0007,331.31,35,11595.85,11/21/2023,Furniture,15,New York,C0168
P0022,144.05,44,6338.2,4/12/2023,Clothing,5,California,C0181
P0015,,88,7375.28,12/24/2023,Clothing,5,Florida,C0275
P0077,319.94,86,27514.84,4/29/2023,Clothing,0,Texas,C0099
P0086,493.52,34,16779.68,12/24/2023,,,Illinois,C0184
P0018,490.83,7,3435.81,5/2/2023,Clothing,10,California,C0096
P0066,216.93,,216.93,5/16/2023,Clothing,10,Illinois,C0291
P0029,102.32,48,4911.36,3/27/2023,Food,0,Florida,C0085
P0064,298.32,94,28042.08,5/13/2023,Electronics,10,Illinois,C0265
P0057,214,25,5350,10/17/2023,Electronics,5,Texas,C0274
P0022,301.72,69,20818.68,4/6/2023,Electronics,0,Texas,C0122
P0049,33.76,19,641.44,1/8/2023,Electronics,10,Texas,C0266
P0062,486.23,76,36953.48,4/23/2023,Clothing,15,Florida,C0055
P0045,71.65,59,4227.35,11/24/2023,Food,20,California,C0235
P0044,20.52,85,1744.2,12/21/2023,Clothing,,Florida,C0066
P0023,455.5,1,455.5,5/22/2023,Food,10,New York,C0209
P0034,418.27,24,10038.48,5/18/2023,Food,10,California,C0022
P0006,391.56,32,12529.92,11/27/2023,Furniture,0,New York,C0178
P0028,286.16,3,858.48,9/30/2023,Electronics,15,Texas,C0002
P0094,475.94,20,9518.8,9/23/2023,Food,5,Illinois,C0230
P0065,263.02,54,14203.08,10/21/2023,Electronics,,Texas,C0029
P0100,78.16,47,3673.52,9/1/2023,Furniture,0,New York,C0157
P0065,,4,520,3/26/2023,Electronics,0,Texas,C0189
P0027,499.29,11,5492.19,9/17/2023,Electronics,,New York,C0138
P0093,395.07,90,35556.3,12/3/2023,Food,5,New York,C0113
P0041,49.57,18,892.26,1/5/2023,Accessories,15,New York,C0258
P0094,321.88,17,5471.96,10/9/2023,Electronics,10,New York,C0275
P0048,167.74,60,10064.4,10/22/2023,Food,10,Texas,C0197
P0045,340.86,15,5112.9,11/25/2023,Furniture,0,New York,C0053
P0094,137.35,95,13048.25,1/2/2023,Electronics,20,Texas,C0131
P0045,263.36,72,18961.92,1/12/2023,Clothing,20,Illinois,C0200
P0049,42.37,74,3135.38,12/29/2023,Electronics,20,Texas,C0245
P0009,359.38,75,26953.5,7/26/2023,,15,Florida,C0170
P0088,486.8,50,24340,11/16/2023,Clothing,0,New York,C0265
P0027,242.52,87,21099.24,10/9/2023,Accessories,5,Florida,C0074
P0095,177.79,26,4622.54,9/18/2023,Electronics,20,Texas,C0145
P0092,467.99,47,21995.53,2/11/2023,Accessories,0,Florida,C0264
P0030,336.41,52,17493.32,5/28/2023,,15,Florida,C0273
P0003,91.76,79,7249.04,4/15/2023,Food,0,California,C0034
P0073,481.92,35,16867.2,4/24/2023,Accessories,10,Texas,C0212
P0086,,22,3245.66,4/20/2023,Clothing,20,New York,C0250
P0028,417.34,,417.34,11/19/2023,Accessories,5,Texas,C0235
P0039,284.98,63,17953.74,4/29/2023,Furniture,,New York,C0263
P0047,172.28,23,3962.44,1/6/2023,Accessories,,New York,C0034
P0003,229.36,78,17890.08,8/12/2023,Accessories,10,New York,C0252
P0046,145.59,47,6842.73,6/20/2023,Electronics,20,Texas,C0082
P0024,30.14,3,90.42,6/29/2023,Accessories,15,Texas,C0271
P0066,127.84,,8309.6,5/11/2023,Furniture,5,Florida,C0207
P0091,6.78,38,257.64,7/9/2023,Clothing,5,Texas,C0044
P0025,288.15,4,1152.6,11/24/2023,Food,10,Illinois,C0007
P0001,265.11,61,16171.71,3/15/2023,Electronics,,Florida,C0265
P0012,144.79,72,10424.88,1/10/2023,Food,10,Illinois,C0196
P0039,338.4,84,28425.6,2/10/2023,Food,15,New York,C0180
P0039,160.54,82,13164.28,9/25/2023,Food,0,Florida,C0144
P0041,339.8,66,22426.8,7/8/2023,Food,20,Florida,C0012
P0024,137.46,73,10034.58,7/22/2023,Electronics,15,New York,C0274
P0056,448.96,73,32774.08,10/18/2023,Clothing,10,Texas,C0213
P0057,175.88,24,4221.12,2/7/2023,Clothing,15,Florida,C0108
P0049,171.19,30,5135.7,1/4/2023,Clothing,10,New York,C0232
P0028,373.04,79,29470.16,8/21/2023,Clothing,5,Illinois,C0048
P0066,483.51,,18856.89,6/18/2023,Clothing,5,Illinois,C0066
P0039,,34,11064.62,2/21/2023,Furniture,20,Florida,C0171
P0071,262.82,72,18923.04,10/20/2023,Clothing,10,Florida,C0123
P0080,412.27,9,3710.43,11/16/2023,,5,Florida,C0194
P0051,450.58,93,41903.94,7/5/2023,Electronics,0,Illinois,C0222
P0096,156.15,11,1717.65,11/29/2023,Accessories,10,Illinois,C0250
P0069,443.75,80,35500,6/13/2023,Accessories,10,New York,C0240
P0060,438.51,96,42096.96,12/25/2023,Electronics,5,Texas,C0228
P0002,252.64,,13895.2,9/29/2023,Furniture,15,Illinois,C0146
P0060,394.78,28,11053.84,10/18/2023,Food,20,California,C0039
P0015,,30,2710.5,10/30/2023,Clothing,20,Texas,C0189
P0037,,88,10324.16,11/10/2023,Furniture,0,Texas,C0217
P0082,,55,12803.45,9/28/2023,Accessories,10,Illinois,C0293
P0087,,54,7948.8,9/14/2023,Furniture,0,Illinois,C0006
P0066,,99,1417.68,6/25/2023,Accessories,10,Texas,C0229
P0082,,85,16540.15,6/24/2023,Accessories,5,New York,C0070
P0091,,45,329.4,8/28/2023,Electronics,20,Illinois,C0083
P0025,,27,3936.33,3/11/2023,Clothing,10,Illinois,C0028
P0068,,88,7256.48,11/25/2023,Accessories,10,New York,C0089
P0066,,37,2679.91,4/12/2023,Furniture,15,New York,C0083
P0026,,85,38360.5,8/26/2023,Food,20,New York,C0269
P0015,,88,7375.28,12/24/2023,Clothing,5,Florida,C0275
P0020,,68,7476.6,10/27/2023,Electronics,10,California,C0211
P0041,,70,11431.7,2/18/2023,Furniture,0,California,C0029
P0074,,87,9145.44,2/28/2023,Food,10,California,C0063
P0068,,51,19935.9,6/24/2023,Clothing,20,California,C0151
P0039,,34,11064.62,2/21/2023,Furniture,20,Florida,C0171
P0061,,60,26257.8,5/15/2023,Clothing,10,Florida,C0264
P0022,,36,8892.72,5/23/2023,Furniture,10,Illinois,C0278
P0049,,,10946.88,12/4/2023,Accessories,0,Texas,C0055
P0098,,36,2888.28,7/6/2023,Food,20,California,C0094
P0006,,80,22028,7/2/2023,Electronics,,Florida,C0156
P0087,,21,1693.02,11/23/2023,Accessories,5,California,C0199
P0057,,61,8500.96,2/19/2023,Furniture,20,Illinois,C0176
P0090,,21,289.59,5/21/2023,Furniture,0,Illinois,C0147
P0097,,73,15536.59,6/16/2023,Clothing,10,California,C0140
P0065,,4,520,3/26/2023,Electronics,0,Texas,C0189
P0086,,22,3245.66,4/20/2023,Clothing,20,New York,C0250
P0063,,72,17249.76,12/6/2023,Electronics,10,Texas,C0251
P0014,,73,11178.49,8/18/2023,Clothing,5,Illinois,C0101
P0053,,99,29530.71,10/9/2023,Furniture,0,New York,C0129
P0046,,47,20656.97,3/1/2023,Accessories,20,California,C0055
P0082,,67,23106.29,4/21/2023,Accessories,,New York,C0120
P0071,,19,1298.08,4/5/2023,Food,15,New York,C0084
P0010,,16,7876.8,9/29/2023,Electronics,15,New York,C0244
P0073,,,42380.15,9/3/2023,Furniture,0,California,C0197
P0053,,75,1377.75,11/27/2023,Clothing,5,California,C0218
P0057,,80,35556.8,4/18/2023,Clothing,0,Florida,C0137
P0070,,,5330.22,7/25/2023,Furniture,0,Illinois,C0125
P0039,,1,126.68,7/7/2023,Clothing,15,Texas,C0241
P0016,,7,1058.47,7/3/2023,Electronics,5,Illinois,C0009
P0021,,21,6836.34,3/19/2023,Electronics,10,New York,C0266
P0070,,20,9940,8/17/2023,Clothing,5,Illinois,C0163
P0100,,53,11595.87,7/11/2023,Food,15,California,C0006
P0078,,66,25300.44,9/9/2023,Accessories,0,Illinois,C0042
P0055,,81,24578.64,11/11/2023,Food,10,New York,C0148
P0051,,25,10832.75,8/15/2023,Food,20,California,C0103
P0097,,39,5826.21,12/9/2023,Clothing,0,New York,C0035
P0041,,5,1391.15,10/14/2023,Electronics,10,Illinois,C0135
P0052,,6,1771.92,3/6/2023,Clothing,20,California,C0143
P0075,,66,32342.64,10/8/2023,Furniture,20,Texas,C0245
P0060,,,6447.28,11/15/2023,Clothing,15,California,C0069
P0044,,12,2128.92,3/28/2023,Accessories,15,Florida,C0116
P0056,,79,1138.39,4/2/2023,Furniture,5,Florida,C0208
P0003,,72,29638.08,6/11/2023,Food,0,Illinois,C0233
P0037,,92,32357.32,8/1/2023,Clothing,5,New York,C0031
P0088,,48,14832.48,3/3/2023,Furniture,5,Illinois,C0170
P0100,,93,28022.76,6/14/2023,Furniture,20,Illinois,C0013
P0077,,58,16918.02,1/6/2023,Food,10,Texas,C0070
P0087,,62,9954.1,10/1/2023,Furniture,0,Illinois,C0261
P0093,,28,9166.08,9/12/2023,Food,5,Texas,C0065
P0083,,43,10844.17,4/10/2023,Furniture,20,Texas,C0114
P0098,,94,36470.12,3/19/2023,Furniture,5,California,C0038
P0016,,22,1040.6,5/25/2023,Furniture,20,California,C0124
P0084,,84,17083.08,5/5/2023,Accessories,10,New York,C0150
P0002,,11,5121.93,11/23/2023,Electronics,20,Texas,C0192
P0080,,50,2767,12/27/2023,Clothing,15,Illinois,C0217
P0012,,27,11535.48,1/18/2023,Furniture,10,New York,C0097
P0067,,75,8582.25,5/4/2023,Furniture,15,California,C0168
P0022,,,1209.87,1/12/2023,Accessories,20,New York,C0266
P0043,,47,21161.28,12/21/2023,Accessories,15,Illinois,C0075
P0005,,78,6170.58,8/11/2023,Clothing,0,Illinois,C0255
P0090,,47,17739.21,2/7/2023,Electronics,5,California,C0013
P0073,,13,422.11,12/18/2023,Food,20,California,C0227
P0088,,52,11518,3/28/2023,Clothing,5,Illinois,C0045
P0072,174.31,29,5054.99,2/5/2023,Furniture,10,California,C0186
P0013,6.05,92,556.6,5/25/2023,Furniture,10,Florida,C0040
P0025,286.27,52,14886.04,9/18/2023,Electronics,10,Florida,C0266
P0081,25.78,21,541.38,1/11/2023,Clothing,10,Florida,C0057
P0057,490.63,35,17172.05,4/21/2023,Food,0,New York,C0203
P0011,292.02,,876.06,8/3/2023,Accessories,10,Illinois,C0125
P0089,493.6,18,8884.8,8/17/2023,,5,New York,C0058
P0091,70.99,50,3549.5,4/24/2023,,5,California,C0077
P0081,317.43,59,18728.37,6/4/2023,Clothing,20,Florida,C0283
P0088,279.15,6,1674.9,7/29/2023,Accessories,15,Illinois,C0155
P0067,266.4,15,3996,12/5/2023,,5,New York,C0290
P0049,181.53,44,7987.32,3/23/2023,Clothing,5,California,C0093
P0002,127.74,99,12646.26,4/25/2023,Furniture,20,California,C0053
P0058,325.42,27,8786.34,11/24/2023,Electronics,15,California,C0013
P0069,411.98,2,823.96,8/13/2023,Furniture,20,New York,C0040
P0028,313.66,95,29797.7,4/7/2023,Furniture,20,Florida,C0143
P0033,195.22,48,9370.56,1/23/2023,Clothing,0,Illinois,C0154
P0032,345.86,3,1037.58,11/29/2023,Food,10,New York,C0256
P0089,303.81,92,27950.52,6/9/2023,Electronics,5,Florida,C0100
P0059,378.72,43,16284.96,5/3/2023,Furniture,20,Illinois,C0124
P0059,315.57,,3471.27,3/14/2023,Accessories,5,Florida,C0202
P0093,382.22,21,8026.62,5/8/2023,Food,20,Florida,C0086
P0044,159.99,97,15519.03,12/25/2023,Food,0,California,C0103
P0065,328.01,39,12792.39,3/4/2023,Accessories,10,Florida,C0190
P0029,56.77,1,56.77,11/12/2023,Furniture,10,Texas,C0173
